
<?xml version="1.0" encoding="UTF-8"?>
<record xmlns="http://www.loc.gov/MARC21/slim">
  <leader>     cam a22     2  4500</leader>
  <controlfield tag="001">1460413016</controlfield>
  <controlfield tag="003">DE-627</controlfield>
  <controlfield tag="005">20180729020308.0</controlfield>
  <controlfield tag="007">tu</controlfield>
  <controlfield tag="008">130711s2004    xx ||||| t    00| ||eng c</controlfield>
  <datafield tag="035" ind1=" " ind2=" ">
    <subfield code="a">(DE-627)1460413016</subfield>
  </datafield>
  <datafield tag="035" ind1=" " ind2=" ">
    <subfield code="a">(DE-576)390413011</subfield>
  </datafield>
  <datafield tag="035" ind1=" " ind2=" ">
    <subfield code="a">(DE-599)BSZ390413011</subfield>
  </datafield>
  <datafield tag="035" ind1=" " ind2=" ">
    <subfield code="a">(DE-615)00476690</subfield>
  </datafield>
  <datafield tag="040" ind1=" " ind2=" ">
    <subfield code="a">DE-627</subfield>
    <subfield code="b">ger</subfield>
    <subfield code="c">DE-627</subfield>
    <subfield code="e">rakwb</subfield>
  </datafield>
  <datafield tag="041" ind1=" " ind2=" ">
    <subfield code="a">eng</subfield>
  </datafield>
  <datafield tag="084" ind1=" " ind2=" ">
    <subfield code="a">SC07.01</subfield>
    <subfield code="2">FIV</subfield>
  </datafield>
  <datafield tag="084" ind1=" " ind2=" ">
    <subfield code="a">SA02</subfield>
    <subfield code="2">FIV</subfield>
  </datafield>
  <datafield tag="084" ind1=" " ind2=" ">
    <subfield code="a">RC02</subfield>
    <subfield code="2">FIV</subfield>
  </datafield>
  <datafield tag="100" ind1="1" ind2=" ">
    <subfield code="a">Rhode, Paul W.</subfield>
    <subfield code="4">aut</subfield>
  </datafield>
  <datafield tag="245" ind1="1" ind2="0">
    <subfield code="a">After the war boom</subfield>
    <subfield code="b">reconversion on the U.S. pacific coast 1943-49</subfield>
    <subfield code="c">Paul W. Rhode</subfield>
  </datafield>
  <datafield tag="264" ind1=" " ind2="1">
    <subfield code="a">Cambridge/Mass</subfield>
    <subfield code="b">National Bureau of Economic Research</subfield>
    <subfield code="c">2004</subfield>
  </datafield>
  <datafield tag="300" ind1=" " ind2=" ">
    <subfield code="a">48 S.</subfield>
    <subfield code="e">graph. Darst., Tab., Lit. S. 32-35</subfield>
  </datafield>
  <datafield tag="336" ind1=" " ind2=" ">
    <subfield code="a">Text</subfield>
    <subfield code="b">txt</subfield>
    <subfield code="2">rdacontent</subfield>
  </datafield>
  <datafield tag="337" ind1=" " ind2=" ">
    <subfield code="a">ohne Hilfsmittel zu benutzen</subfield>
    <subfield code="b">n</subfield>
    <subfield code="2">rdamedia</subfield>
  </datafield>
  <datafield tag="338" ind1=" " ind2=" ">
    <subfield code="a">Band</subfield>
    <subfield code="b">nc</subfield>
    <subfield code="2">rdacarrier</subfield>
  </datafield>
  <datafield tag="490" ind1="1" ind2=" ">
    <subfield code="a">NBER Working Paper Series</subfield>
    <subfield code="v">W9854</subfield>
  </datafield>
  <datafield tag="591" ind1=" " ind2=" ">
    <subfield code="a">IMD-Felder und 1131 maschinell ergänzt (SWB)</subfield>
  </datafield>
  <datafield tag="650" ind1=" " ind2="4">
    <subfield code="a">Vereinigte Staaten</subfield>
    <subfield code="x">Rüstungsindustrie</subfield>
    <subfield code="x">Militärisch-industrieller Komplex</subfield>
    <subfield code="x">Wirtschaftswachstum</subfield>
    <subfield code="x">Sektorale Wirtschaftspolitik</subfield>
    <subfield code="x">Wirtschaftliche Entwicklung</subfield>
    <subfield code="x">Öffentliche Ausgaben</subfield>
    <subfield code="x">Geschichte</subfield>
  </datafield>
  <datafield tag="650" ind1=" " ind2="4">
    <subfield code="a">Beschäftigung</subfield>
    <subfield code="x">Kleine und mittlere Unternehmen</subfield>
    <subfield code="x">Sozioökonomische Entwicklung</subfield>
    <subfield code="x">Sozioökonomischer Wandel</subfield>
    <subfield code="x">Schaffung von Arbeitsplätzen</subfield>
    <subfield code="x">Wirksamkeit wirtschaftspolitischer Maßnahmen</subfield>
    <subfield code="x">Politische Ökonomie</subfield>
    <subfield code="x">Wechselbeziehungen Außenpolitik - Außenwirtschaftspolitik</subfield>
  </datafield>
  <datafield tag="655" ind1=" " ind2="7">
    <subfield code="a">Forschungsbericht</subfield>
    <subfield code="0">(DE-588)4155043-2</subfield>
    <subfield code="0">(DE-627)10467444X</subfield>
    <subfield code="0">(DE-576)209815833</subfield>
    <subfield code="2">gnd-content</subfield>
  </datafield>
  <datafield tag="710" ind1="2" ind2=" ">
    <subfield code="a">National Bureau of Economic Research</subfield>
    <subfield code="g">Cambridge/Mass.</subfield>
    <subfield code="4">oth</subfield>
  </datafield>
  <datafield tag="810" ind1="2" ind2=" ">
    <subfield code="a">National Bureau of Economic Research</subfield>
    <subfield code="t">Working papers</subfield>
    <subfield code="v">9854</subfield>
    <subfield code="9">9854</subfield>
    <subfield code="w">(DE-627)306655969</subfield>
    <subfield code="w">(DE-576)090855825</subfield>
    <subfield code="w">(DE-600)1500086-2</subfield>
    <subfield code="x">1058-8450</subfield>
  </datafield>
  <datafield tag="951" ind1=" " ind2=" ">
    <subfield code="a">BO</subfield>
  </datafield>
</record>