
<?xml version="1.0" encoding="UTF-8"?>
<record xmlns="http://www.loc.gov/MARC21/slim">
  <leader>     cam a22     2  4500</leader>
  <controlfield tag="001">165272205X</controlfield>
  <controlfield tag="003">DE-627</controlfield>
  <controlfield tag="005">20180601102354.0</controlfield>
  <controlfield tag="007">cr uuu---uuuuu</controlfield>
  <controlfield tag="008">130709s2008    xx |||||o     00| ||eng c</controlfield>
  <datafield tag="035" ind1=" " ind2=" ">
    <subfield code="a">(DE-627)165272205X</subfield>
  </datafield>
  <datafield tag="035" ind1=" " ind2=" ">
    <subfield code="a">(DE-576)389614149</subfield>
  </datafield>
  <datafield tag="035" ind1=" " ind2=" ">
    <subfield code="a">(DE-599)BSZ389614149</subfield>
  </datafield>
  <datafield tag="035" ind1=" " ind2=" ">
    <subfield code="a">(DE-615)00408997</subfield>
  </datafield>
  <datafield tag="040" ind1=" " ind2=" ">
    <subfield code="a">DE-627</subfield>
    <subfield code="b">ger</subfield>
    <subfield code="c">DE-627</subfield>
    <subfield code="e">rakwb</subfield>
  </datafield>
  <datafield tag="041" ind1=" " ind2=" ">
    <subfield code="a">eng</subfield>
  </datafield>
  <datafield tag="084" ind1=" " ind2=" ">
    <subfield code="a">SD01.02</subfield>
    <subfield code="2">FIV</subfield>
  </datafield>
  <datafield tag="084" ind1=" " ind2=" ">
    <subfield code="a">RA01.01</subfield>
    <subfield code="2">FIV</subfield>
  </datafield>
  <datafield tag="100" ind1="1" ind2=" ">
    <subfield code="a">Bordo, Michael D.</subfield>
    <subfield code="d">1942-</subfield>
    <subfield code="0">(DE-588)124743935</subfield>
    <subfield code="0">(DE-627)365713929</subfield>
    <subfield code="0">(DE-576)160371031</subfield>
    <subfield code="4">aut</subfield>
  </datafield>
  <datafield tag="245" ind1="1" ind2="2">
    <subfield code="a">A long term perspective on the Euro</subfield>
    <subfield code="c">Michael D. Bordo; Harold James</subfield>
  </datafield>
  <datafield tag="264" ind1=" " ind2="1">
    <subfield code="a">Cambridge/Mass</subfield>
    <subfield code="b">National Bureau of Economic Research</subfield>
    <subfield code="c">2008</subfield>
  </datafield>
  <datafield tag="300" ind1=" " ind2=" ">
    <subfield code="a">34 S.</subfield>
    <subfield code="e">Lit. S. 29-33</subfield>
  </datafield>
  <datafield tag="336" ind1=" " ind2=" ">
    <subfield code="a">Text</subfield>
    <subfield code="b">txt</subfield>
    <subfield code="2">rdacontent</subfield>
  </datafield>
  <datafield tag="337" ind1=" " ind2=" ">
    <subfield code="a">Computermedien</subfield>
    <subfield code="b">c</subfield>
    <subfield code="2">rdamedia</subfield>
  </datafield>
  <datafield tag="338" ind1=" " ind2=" ">
    <subfield code="a">Online-Ressource</subfield>
    <subfield code="b">cr</subfield>
    <subfield code="2">rdacarrier</subfield>
  </datafield>
  <datafield tag="490" ind1="1" ind2=" ">
    <subfield code="a">NBER Working Paper Series</subfield>
    <subfield code="v">13815</subfield>
  </datafield>
  <datafield tag="533" ind1=" " ind2=" ">
    <subfield code="a">Online-Ausg.</subfield>
    <subfield code="e">Online Ressource</subfield>
  </datafield>
  <datafield tag="591" ind1=" " ind2=" ">
    <subfield code="a">IMD-Felder und 1131 maschinell ergänzt (SWB)</subfield>
  </datafield>
  <datafield tag="650" ind1=" " ind2="4">
    <subfield code="a">Europäische Union</subfield>
    <subfield code="x">Euro-Währungszone</subfield>
    <subfield code="x">EURO</subfield>
    <subfield code="x">Wirtschafts- und Währungsunion (EU/EG)</subfield>
    <subfield code="x">Global Governance</subfield>
    <subfield code="x">Economic governance</subfield>
    <subfield code="x">Internationale wirtschaftliche Interessendivergenzen</subfield>
    <subfield code="x">Bisherige Entwicklung</subfield>
    <subfield code="x">Entwicklungsperspektive und -tendenz</subfield>
    <subfield code="x">Internationaler Vergleich/Ländervergleich</subfield>
    <subfield code="x">Währungsunion</subfield>
    <subfield code="x">Vereinigte Staaten</subfield>
    <subfield code="x">Italien</subfield>
    <subfield code="x">Deutschland</subfield>
    <subfield code="x">Lateinamerika</subfield>
    <subfield code="x">Schweiz</subfield>
    <subfield code="x">Nordeuropa</subfield>
    <subfield code="x">Optimaler Währungsraum</subfield>
  </datafield>
  <datafield tag="650" ind1=" " ind2="4">
    <subfield code="a">Fiskalpolitik</subfield>
    <subfield code="x">Geldpolitik/Kreditpolitik</subfield>
    <subfield code="x">Öffentliche Schuldenpolitik</subfield>
    <subfield code="x">Währungsreserven</subfield>
  </datafield>
  <datafield tag="700" ind1="1" ind2=" ">
    <subfield code="a">James, Harold</subfield>
    <subfield code="4">oth</subfield>
  </datafield>
  <datafield tag="710" ind1="2" ind2=" ">
    <subfield code="a">National Bureau of Economic Research</subfield>
    <subfield code="g">Cambridge/Mass.</subfield>
    <subfield code="4">oth</subfield>
  </datafield>
  <datafield tag="810" ind1="2" ind2=" ">
    <subfield code="a">National Bureau of Economic Research</subfield>
    <subfield code="t">Working papers</subfield>
    <subfield code="v">13815</subfield>
    <subfield code="9">13815</subfield>
    <subfield code="w">(DE-627)306655969</subfield>
    <subfield code="w">(DE-576)090855825</subfield>
    <subfield code="w">(DE-600)1500086-2</subfield>
    <subfield code="x">1058-8450</subfield>
  </datafield>
  <datafield tag="856" ind1="4" ind2="0">
    <subfield code="u">http://www.rgemonitor.com/redir.php?sid=1&amp;tgid=10000&amp;cid=244705</subfield>
    <subfield code="x">Aggregator</subfield>
    <subfield code="3">Volltext</subfield>
  </datafield>
  <datafield tag="951" ind1=" " ind2=" ">
    <subfield code="a">BO</subfield>
  </datafield>
</record>