
<?xml version="1.0" encoding="UTF-8"?>
<record xmlns="http://www.loc.gov/MARC21/slim">
  <leader>     cam a22     2  4500</leader>
  <controlfield tag="001">1653297956</controlfield>
  <controlfield tag="003">DE-627</controlfield>
  <controlfield tag="005">20180729064139.0</controlfield>
  <controlfield tag="007">cr uuu---uuuuu</controlfield>
  <controlfield tag="008">140217s2013    xx |||||o     00| ||eng c</controlfield>
  <datafield tag="035" ind1=" " ind2=" ">
    <subfield code="a">(DE-627)1653297956</subfield>
  </datafield>
  <datafield tag="035" ind1=" " ind2=" ">
    <subfield code="a">(DE-576)401331962</subfield>
  </datafield>
  <datafield tag="035" ind1=" " ind2=" ">
    <subfield code="a">(DE-599)BSZ401331962</subfield>
  </datafield>
  <datafield tag="035" ind1=" " ind2=" ">
    <subfield code="a">(DE-615)00870577</subfield>
  </datafield>
  <datafield tag="040" ind1=" " ind2=" ">
    <subfield code="a">DE-627</subfield>
    <subfield code="b">ger</subfield>
    <subfield code="c">DE-627</subfield>
    <subfield code="e">rakwb</subfield>
  </datafield>
  <datafield tag="041" ind1=" " ind2=" ">
    <subfield code="a">eng</subfield>
  </datafield>
  <datafield tag="084" ind1=" " ind2=" ">
    <subfield code="a">SG03</subfield>
    <subfield code="2">FIV</subfield>
  </datafield>
  <datafield tag="084" ind1=" " ind2=" ">
    <subfield code="a">RI02.12</subfield>
    <subfield code="2">FIV</subfield>
  </datafield>
  <datafield tag="084" ind1=" " ind2=" ">
    <subfield code="a">SG03</subfield>
    <subfield code="2">FIV</subfield>
  </datafield>
  <datafield tag="245" ind1="1" ind2="0">
    <subfield code="a">Does elite capture matter?</subfield>
    <subfield code="b">Local elites and targeted welfare programs in Indonesia</subfield>
    <subfield code="c">Vivi Alatas ... National Bureau of Economic Research</subfield>
  </datafield>
  <datafield tag="264" ind1=" " ind2="1">
    <subfield code="a">Cambridge/Mass</subfield>
    <subfield code="b">NBER</subfield>
    <subfield code="c">2013</subfield>
  </datafield>
  <datafield tag="300" ind1=" " ind2=" ">
    <subfield code="a">Online Ressource (41 S.)</subfield>
    <subfield code="e">Tab., Lit. S. 31-32</subfield>
  </datafield>
  <datafield tag="336" ind1=" " ind2=" ">
    <subfield code="a">Text</subfield>
    <subfield code="b">txt</subfield>
    <subfield code="2">rdacontent</subfield>
  </datafield>
  <datafield tag="337" ind1=" " ind2=" ">
    <subfield code="a">Computermedien</subfield>
    <subfield code="b">c</subfield>
    <subfield code="2">rdamedia</subfield>
  </datafield>
  <datafield tag="338" ind1=" " ind2=" ">
    <subfield code="a">Online-Ressource</subfield>
    <subfield code="b">cr</subfield>
    <subfield code="2">rdacarrier</subfield>
  </datafield>
  <datafield tag="490" ind1="1" ind2=" ">
    <subfield code="a">NBER Working Paper Series</subfield>
    <subfield code="v">18798</subfield>
  </datafield>
  <datafield tag="533" ind1=" " ind2=" ">
    <subfield code="a">Online-Ausg.</subfield>
  </datafield>
  <datafield tag="591" ind1=" " ind2=" ">
    <subfield code="a">IMD-Felder und 1131 maschinell ergänzt (SWB)</subfield>
  </datafield>
  <datafield tag="650" ind1=" " ind2="4">
    <subfield code="a">Indonesien</subfield>
    <subfield code="x">Sozialleistungen</subfield>
    <subfield code="x">Sozialhilfe</subfield>
    <subfield code="x">Sozialleistungsempfänger</subfield>
    <subfield code="x">Elite</subfield>
    <subfield code="x">Korruption</subfield>
    <subfield code="x">Wirkung/Auswirkung</subfield>
    <subfield code="x">Armutsbekämpfung</subfield>
    <subfield code="x">Wirksamkeit politischer Maßnahmen</subfield>
  </datafield>
  <datafield tag="650" ind1=" " ind2="4">
    <subfield code="a">Indonesia</subfield>
    <subfield code="x">Social security benefits</subfield>
    <subfield code="x">Social welfare assistance/income support</subfield>
    <subfield code="x">recipient of social benefits</subfield>
    <subfield code="x">Elites</subfield>
    <subfield code="x">Corruption</subfield>
    <subfield code="x">Effects/consequences</subfield>
    <subfield code="x">Poverty alleviation</subfield>
    <subfield code="x">Effectiveness of political measures</subfield>
  </datafield>
  <datafield tag="650" ind1=" " ind2="4">
    <subfield code="a">Arme (Soziale Gruppe)</subfield>
    <subfield code="x">Mikrofinanzierung</subfield>
    <subfield code="x">Krankenversicherung</subfield>
    <subfield code="x">Ernährungssicherung</subfield>
    <subfield code="x">Subvention</subfield>
    <subfield code="x">Reis</subfield>
  </datafield>
  <datafield tag="650" ind1=" " ind2="4">
    <subfield code="a">The poor (social group)</subfield>
    <subfield code="x">Microfinance</subfield>
    <subfield code="x">Health insurance</subfield>
    <subfield code="x">Food supply security</subfield>
    <subfield code="x">Subsidies</subfield>
    <subfield code="x">Rice</subfield>
  </datafield>
  <datafield tag="700" ind1="1" ind2=" ">
    <subfield code="a">Olken, Benjamin A.</subfield>
    <subfield code="4">oth</subfield>
  </datafield>
  <datafield tag="700" ind1="1" ind2=" ">
    <subfield code="a">Hanna, Rema</subfield>
    <subfield code="0">(DE-588)131571559</subfield>
    <subfield code="0">(DE-627)510987796</subfield>
    <subfield code="0">(DE-576)298594269</subfield>
    <subfield code="4">oth</subfield>
  </datafield>
  <datafield tag="700" ind1="1" ind2=" ">
    <subfield code="a">Alatas, Vivi</subfield>
    <subfield code="4">oth</subfield>
  </datafield>
  <datafield tag="710" ind1="2" ind2=" ">
    <subfield code="a">National Bureau of Economic Research</subfield>
    <subfield code="g">Cambridge/Mass.</subfield>
    <subfield code="4">oth</subfield>
  </datafield>
  <datafield tag="810" ind1="2" ind2=" ">
    <subfield code="a">National Bureau of Economic Research</subfield>
    <subfield code="t">Working papers</subfield>
    <subfield code="v">18798</subfield>
    <subfield code="9">18798</subfield>
    <subfield code="w">(DE-627)306655969</subfield>
    <subfield code="w">(DE-576)090855825</subfield>
    <subfield code="w">(DE-600)1500086-2</subfield>
    <subfield code="x">1058-8450</subfield>
  </datafield>
  <datafield tag="856" ind1="4" ind2="0">
    <subfield code="u">http://www.povertyactionlab.org/publication/does-elite-capture-matter-local-elites-and-targeted-welfare-programs-indonesia</subfield>
    <subfield code="x">Aggregator</subfield>
    <subfield code="3">Volltext</subfield>
  </datafield>
  <datafield tag="951" ind1=" " ind2=" ">
    <subfield code="a">BO</subfield>
  </datafield>
</record>