
<?xml version="1.0" encoding="UTF-8"?>
<record xmlns="http://www.loc.gov/MARC21/slim">
  <leader>     cam a22     2  4500</leader>
  <controlfield tag="001">1657779637</controlfield>
  <controlfield tag="003">DE-627</controlfield>
  <controlfield tag="005">20180601102152.0</controlfield>
  <controlfield tag="007">cr uuu---uuuuu</controlfield>
  <controlfield tag="008">140527s2014    xx |||||o     00| ||eng c</controlfield>
  <datafield tag="035" ind1=" " ind2=" ">
    <subfield code="a">(DE-627)1657779637</subfield>
  </datafield>
  <datafield tag="035" ind1=" " ind2=" ">
    <subfield code="a">(DE-576)407212256</subfield>
  </datafield>
  <datafield tag="035" ind1=" " ind2=" ">
    <subfield code="a">(DE-599)BSZ407212256</subfield>
  </datafield>
  <datafield tag="035" ind1=" " ind2=" ">
    <subfield code="a">(DE-615)00899638</subfield>
  </datafield>
  <datafield tag="040" ind1=" " ind2=" ">
    <subfield code="a">DE-627</subfield>
    <subfield code="b">ger</subfield>
    <subfield code="c">DE-627</subfield>
    <subfield code="e">rakwb</subfield>
  </datafield>
  <datafield tag="041" ind1=" " ind2=" ">
    <subfield code="a">eng</subfield>
  </datafield>
  <datafield tag="084" ind1=" " ind2=" ">
    <subfield code="a">SH03</subfield>
    <subfield code="2">FIV</subfield>
  </datafield>
  <datafield tag="084" ind1=" " ind2=" ">
    <subfield code="a">SH06</subfield>
    <subfield code="2">FIV</subfield>
  </datafield>
  <datafield tag="084" ind1=" " ind2=" ">
    <subfield code="a">RI01.13</subfield>
    <subfield code="2">FIV</subfield>
  </datafield>
  <datafield tag="084" ind1=" " ind2=" ">
    <subfield code="a">SH03</subfield>
    <subfield code="2">FIV</subfield>
  </datafield>
  <datafield tag="084" ind1=" " ind2=" ">
    <subfield code="a">SH06</subfield>
    <subfield code="2">FIV</subfield>
  </datafield>
  <datafield tag="100" ind1="1" ind2=" ">
    <subfield code="a">Mobarak, Ahmed Mushfiq</subfield>
    <subfield code="0">(DE-588)130149519</subfield>
    <subfield code="0">(DE-627)491818696</subfield>
    <subfield code="0">(DE-576)298026929</subfield>
    <subfield code="4">aut</subfield>
  </datafield>
  <datafield tag="245" ind1="1" ind2="0">
    <subfield code="a">Risk, insurance and wages in general equilibrium</subfield>
    <subfield code="c">Ahmed Mushfiq Mobarak; Mark Rosenzweig</subfield>
  </datafield>
  <datafield tag="264" ind1=" " ind2="1">
    <subfield code="a">Cambridge/Mass</subfield>
    <subfield code="b">NBER</subfield>
    <subfield code="c">2014</subfield>
  </datafield>
  <datafield tag="300" ind1=" " ind2=" ">
    <subfield code="a">Online Ressource (45 S.)</subfield>
    <subfield code="e">graph. Darst., Tab., Lit. 31-33</subfield>
  </datafield>
  <datafield tag="336" ind1=" " ind2=" ">
    <subfield code="a">Text</subfield>
    <subfield code="b">txt</subfield>
    <subfield code="2">rdacontent</subfield>
  </datafield>
  <datafield tag="337" ind1=" " ind2=" ">
    <subfield code="a">Computermedien</subfield>
    <subfield code="b">c</subfield>
    <subfield code="2">rdamedia</subfield>
  </datafield>
  <datafield tag="338" ind1=" " ind2=" ">
    <subfield code="a">Online-Ressource</subfield>
    <subfield code="b">cr</subfield>
    <subfield code="2">rdacarrier</subfield>
  </datafield>
  <datafield tag="490" ind1="1" ind2=" ">
    <subfield code="a">NBER Working Paper Series</subfield>
    <subfield code="v">19811</subfield>
  </datafield>
  <datafield tag="533" ind1=" " ind2=" ">
    <subfield code="a">Online-Ausg.</subfield>
  </datafield>
  <datafield tag="591" ind1=" " ind2=" ">
    <subfield code="a">IMD-Felder und 1131 maschinell ergänzt (SWB)</subfield>
  </datafield>
  <datafield tag="650" ind1=" " ind2="4">
    <subfield code="a">DE prüfen</subfield>
    <subfield code="x">Indien</subfield>
    <subfield code="x">Versicherungsdienstleistungen</subfield>
    <subfield code="x">Risiken</subfield>
    <subfield code="x">Niederschlag</subfield>
    <subfield code="x">Kleinbauern</subfield>
    <subfield code="x">Landlose Bauern/Pächter</subfield>
    <subfield code="x">Landarbeiter</subfield>
    <subfield code="x">Wirkung/Auswirkung</subfield>
    <subfield code="x">Landarbeit</subfield>
    <subfield code="x">Lohn</subfield>
  </datafield>
  <datafield tag="650" ind1=" " ind2="4">
    <subfield code="a">India</subfield>
    <subfield code="x">Insurance services</subfield>
    <subfield code="x">Risks</subfield>
    <subfield code="x">Precipitation</subfield>
    <subfield code="x">Small farmers</subfield>
    <subfield code="x">Landless/tenant farmers</subfield>
    <subfield code="x">Agricultural workers</subfield>
    <subfield code="x">Effects/consequences</subfield>
    <subfield code="x">Agricultural work</subfield>
    <subfield code="x">Wages</subfield>
  </datafield>
  <datafield tag="700" ind1="1" ind2=" ">
    <subfield code="a">Rosenzweig, Mark R.</subfield>
    <subfield code="d">1922-2009</subfield>
    <subfield code="0">(DE-588)128700092</subfield>
    <subfield code="0">(DE-627)37783081X</subfield>
    <subfield code="0">(DE-576)16278855X</subfield>
    <subfield code="4">oth</subfield>
  </datafield>
  <datafield tag="710" ind1="2" ind2=" ">
    <subfield code="a">National Bureau of Economic Research</subfield>
    <subfield code="g">Cambridge/Mass.</subfield>
    <subfield code="4">oth</subfield>
  </datafield>
  <datafield tag="810" ind1="2" ind2=" ">
    <subfield code="a">National Bureau of Economic Research</subfield>
    <subfield code="t">Working papers</subfield>
    <subfield code="v">19811</subfield>
    <subfield code="9">19811</subfield>
    <subfield code="w">(DE-627)306655969</subfield>
    <subfield code="w">(DE-576)090855825</subfield>
    <subfield code="w">(DE-600)1500086-2</subfield>
    <subfield code="x">1058-8450</subfield>
  </datafield>
  <datafield tag="856" ind1="4" ind2="0">
    <subfield code="u">http://www.povertyactionlab.org/publication/risk-insurance-and-wages-general-equilibrium</subfield>
    <subfield code="x">Aggregator</subfield>
    <subfield code="3">Volltext</subfield>
  </datafield>
  <datafield tag="951" ind1=" " ind2=" ">
    <subfield code="a">BO</subfield>
  </datafield>
</record>