
<?xml version="1.0" encoding="UTF-8"?>
<record xmlns="http://www.loc.gov/MARC21/slim">
  <leader>     nam a22        4500</leader>
  <controlfield tag="001">1659221129</controlfield>
  <controlfield tag="003">DE-627</controlfield>
  <controlfield tag="005">20180216092524.0</controlfield>
  <controlfield tag="007">cr uuu---uuuuu</controlfield>
  <controlfield tag="008">180216s2017    xx |||||o     00| ||eng c</controlfield>
  <datafield tag="035" ind1=" " ind2=" ">
    <subfield code="a">(DE-627)1659221129</subfield>
  </datafield>
  <datafield tag="035" ind1=" " ind2=" ">
    <subfield code="a">(DE-576)499908651</subfield>
  </datafield>
  <datafield tag="035" ind1=" " ind2=" ">
    <subfield code="a">(DE-599)BSZ499908651</subfield>
  </datafield>
  <datafield tag="040" ind1=" " ind2=" ">
    <subfield code="a">DE-627</subfield>
    <subfield code="b">ger</subfield>
    <subfield code="c">DE-627</subfield>
    <subfield code="e">rda</subfield>
  </datafield>
  <datafield tag="041" ind1=" " ind2=" ">
    <subfield code="a">eng</subfield>
  </datafield>
  <datafield tag="100" ind1="1" ind2=" ">
    <subfield code="a">Bloom, David E.</subfield>
    <subfield code="d">1955-</subfield>
    <subfield code="e">VerfasserIn</subfield>
    <subfield code="0">(DE-588)129360104</subfield>
    <subfield code="0">(DE-627)393622622</subfield>
    <subfield code="0">(DE-576)297618717</subfield>
    <subfield code="4">aut</subfield>
  </datafield>
  <datafield tag="245" ind1="1" ind2="4">
    <subfield code="a">The economic burden of chronic diseases</subfield>
    <subfield code="b">estimates and projections for China, Japan, and South Korea</subfield>
    <subfield code="c">David E. Bloom, Simiao Chen, Michael Kuhn, Mark E. McGovern, Les Oxley, Klaus Prettner</subfield>
  </datafield>
  <datafield tag="264" ind1=" " ind2="1">
    <subfield code="a">Cambridge, MA</subfield>
    <subfield code="b">National Bureau of Economic Research</subfield>
    <subfield code="c">July 2017</subfield>
  </datafield>
  <datafield tag="300" ind1=" " ind2=" ">
    <subfield code="a">1 Online-Ressource (30 Seiten)</subfield>
    <subfield code="b">Illustration, Diagramme</subfield>
  </datafield>
  <datafield tag="336" ind1=" " ind2=" ">
    <subfield code="a">Text</subfield>
    <subfield code="b">txt</subfield>
    <subfield code="2">rdacontent</subfield>
  </datafield>
  <datafield tag="337" ind1=" " ind2=" ">
    <subfield code="a">Computermedien</subfield>
    <subfield code="b">c</subfield>
    <subfield code="2">rdamedia</subfield>
  </datafield>
  <datafield tag="338" ind1=" " ind2=" ">
    <subfield code="a">Online-Ressource</subfield>
    <subfield code="b">cr</subfield>
    <subfield code="2">rdacarrier</subfield>
  </datafield>
  <datafield tag="490" ind1="1" ind2=" ">
    <subfield code="a">NBER working paper series</subfield>
    <subfield code="v">No. 23601</subfield>
  </datafield>
  <datafield tag="700" ind1="1" ind2=" ">
    <subfield code="a">Prettner, Klaus</subfield>
    <subfield code="d">1982-</subfield>
    <subfield code="e">VerfasserIn</subfield>
    <subfield code="0">(DE-588)1075824923</subfield>
    <subfield code="0">(DE-627)833962906</subfield>
    <subfield code="0">(DE-576)444681302</subfield>
    <subfield code="4">aut</subfield>
  </datafield>
  <datafield tag="810" ind1="2" ind2=" ">
    <subfield code="a">National Bureau of Economic Research</subfield>
    <subfield code="t">Working papers</subfield>
    <subfield code="v">No. 23601</subfield>
    <subfield code="9">23601</subfield>
    <subfield code="w">(DE-627)306655969</subfield>
    <subfield code="w">(DE-576)090855825</subfield>
    <subfield code="w">(DE-600)1500086-2</subfield>
    <subfield code="x">1058-8450</subfield>
  </datafield>
  <datafield tag="856" ind1="4" ind2="0">
    <subfield code="u">http://www.nber.org/papers/w23601.pdf</subfield>
    <subfield code="q">application/pdf</subfield>
    <subfield code="x">Verlag</subfield>
    <subfield code="z">Kostenfrei</subfield>
    <subfield code="3">Volltext</subfield>
  </datafield>
  <datafield tag="951" ind1=" " ind2=" ">
    <subfield code="a">BO</subfield>
  </datafield>
</record>