
<?xml version="1.0" encoding="UTF-8"?>
<record xmlns="http://www.loc.gov/MARC21/slim">
  <leader>     cam a22        4500</leader>
  <controlfield tag="001">1657016277</controlfield>
  <controlfield tag="003">DE-627</controlfield>
  <controlfield tag="005">20180921142816.0</controlfield>
  <controlfield tag="007">cr uuu---uuuuu</controlfield>
  <controlfield tag="008">180601s2018    xx |||||o     00| ||eng c</controlfield>
  <datafield tag="035" ind1=" " ind2=" ">
    <subfield code="a">(DE-627)1657016277</subfield>
  </datafield>
  <datafield tag="035" ind1=" " ind2=" ">
    <subfield code="a">(DE-576)50589517X</subfield>
  </datafield>
  <datafield tag="035" ind1=" " ind2=" ">
    <subfield code="a">(DE-599)BSZ50589517X</subfield>
  </datafield>
  <datafield tag="040" ind1=" " ind2=" ">
    <subfield code="a">DE-627</subfield>
    <subfield code="b">ger</subfield>
    <subfield code="c">DE-627</subfield>
    <subfield code="e">rda</subfield>
  </datafield>
  <datafield tag="041" ind1=" " ind2=" ">
    <subfield code="a">eng</subfield>
  </datafield>
  <datafield tag="084" ind1=" " ind2=" ">
    <subfield code="a">SG02.07</subfield>
    <subfield code="2">FIV</subfield>
  </datafield>
  <datafield tag="084" ind1=" " ind2=" ">
    <subfield code="a">RA04.06</subfield>
    <subfield code="2">FIV</subfield>
  </datafield>
  <datafield tag="084" ind1=" " ind2=" ">
    <subfield code="a">RC02</subfield>
    <subfield code="2">FIV</subfield>
  </datafield>
  <datafield tag="084" ind1=" " ind2=" ">
    <subfield code="a">ZGF340</subfield>
    <subfield code="2">FIV</subfield>
  </datafield>
  <datafield tag="084" ind1=" " ind2=" ">
    <subfield code="a">SG02.07</subfield>
    <subfield code="2">FIV</subfield>
  </datafield>
  <datafield tag="084" ind1=" " ind2=" ">
    <subfield code="a">RA04.06</subfield>
    <subfield code="2">FIV</subfield>
  </datafield>
  <datafield tag="084" ind1=" " ind2=" ">
    <subfield code="a">RC02</subfield>
    <subfield code="2">FIV</subfield>
  </datafield>
  <datafield tag="100" ind1="1" ind2=" ">
    <subfield code="a">Currie, Janet M.</subfield>
    <subfield code="d">1960-</subfield>
    <subfield code="e">VerfasserIn</subfield>
    <subfield code="0">(DE-588)124510132</subfield>
    <subfield code="0">(DE-627)521508517</subfield>
    <subfield code="0">(DE-576)29420671X</subfield>
    <subfield code="4">aut</subfield>
  </datafield>
  <datafield tag="245" ind1="1" ind2="0">
    <subfield code="a">Pauvreté, égalité, mortalité</subfield>
    <subfield code="b">mortality (in)equality in France and the United States</subfield>
    <subfield code="c">Janet Currie, Hannes Schwandt, Josselin Thuilliez</subfield>
  </datafield>
  <datafield tag="264" ind1=" " ind2="1">
    <subfield code="a">Cambridge, MA</subfield>
    <subfield code="b">National Bureau of Economic Research</subfield>
    <subfield code="c">May 2018</subfield>
  </datafield>
  <datafield tag="300" ind1=" " ind2=" ">
    <subfield code="a">1 Online-Ressource (46 Seiten)</subfield>
  </datafield>
  <datafield tag="336" ind1=" " ind2=" ">
    <subfield code="a">Text</subfield>
    <subfield code="b">txt</subfield>
    <subfield code="2">rdacontent</subfield>
  </datafield>
  <datafield tag="337" ind1=" " ind2=" ">
    <subfield code="a">Computermedien</subfield>
    <subfield code="b">c</subfield>
    <subfield code="2">rdamedia</subfield>
  </datafield>
  <datafield tag="338" ind1=" " ind2=" ">
    <subfield code="a">Online-Ressource</subfield>
    <subfield code="b">cr</subfield>
    <subfield code="2">rdacarrier</subfield>
  </datafield>
  <datafield tag="490" ind1="1" ind2=" ">
    <subfield code="a">NBER working paper series</subfield>
    <subfield code="v">No. 24623</subfield>
  </datafield>
  <datafield tag="650" ind1=" " ind2="4">
    <subfield code="a">Frankreich</subfield>
    <subfield code="x">Vereinigte Staaten</subfield>
    <subfield code="x">Armut</subfield>
    <subfield code="x">Sterblichkeit</subfield>
    <subfield code="x">Tod</subfield>
    <subfield code="x">Gesundheit</subfield>
    <subfield code="x">Soziale Ungleichheit</subfield>
    <subfield code="x">Zahlenangaben/Statistische Daten</subfield>
    <subfield code="x">Bevölkerungsstatistik</subfield>
    <subfield code="x">Internationaler Vergleich/Ländervergleich</subfield>
  </datafield>
  <datafield tag="650" ind1=" " ind2="4">
    <subfield code="a">France</subfield>
    <subfield code="x">United States</subfield>
    <subfield code="x">Poverty</subfield>
    <subfield code="x">Mortality</subfield>
    <subfield code="x">Death</subfield>
    <subfield code="x">Health</subfield>
    <subfield code="x">Social inequality</subfield>
    <subfield code="x">Numerical data/statistical data</subfield>
    <subfield code="x">Population statistics</subfield>
    <subfield code="x">International/country comparison</subfield>
  </datafield>
  <datafield tag="650" ind1=" " ind2="4">
    <subfield code="a">Tote (Statistik)</subfield>
    <subfield code="x">Ursache</subfield>
    <subfield code="x">Krankheit</subfield>
    <subfield code="x">Mord</subfield>
    <subfield code="x">Bisherige Entwicklung</subfield>
    <subfield code="x">Einkommen</subfield>
    <subfield code="x">Bildungsniveau/Ausbildungsstand</subfield>
  </datafield>
  <datafield tag="650" ind1=" " ind2="4">
    <subfield code="a">Fatalities (statistics)</subfield>
    <subfield code="x">Causes</subfield>
    <subfield code="x">Diseases</subfield>
    <subfield code="x">Murder</subfield>
    <subfield code="x">Previous development</subfield>
    <subfield code="x">Income</subfield>
    <subfield code="x">Education level</subfield>
  </datafield>
  <datafield tag="700" ind1="1" ind2=" ">
    <subfield code="a">Schwandt, Hannes</subfield>
    <subfield code="d">1982-</subfield>
    <subfield code="e">VerfasserIn</subfield>
    <subfield code="0">(DE-588)1037148924</subfield>
    <subfield code="0">(DE-627)752307754</subfield>
    <subfield code="0">(DE-576)391158058</subfield>
    <subfield code="4">aut</subfield>
  </datafield>
  <datafield tag="700" ind1="1" ind2=" ">
    <subfield code="a">Thuilliez, Josselin</subfield>
    <subfield code="e">VerfasserIn</subfield>
    <subfield code="4">aut</subfield>
  </datafield>
  <datafield tag="810" ind1="2" ind2=" ">
    <subfield code="a">National Bureau of Economic Research</subfield>
    <subfield code="t">Working papers</subfield>
    <subfield code="v">No. 24623</subfield>
    <subfield code="9">24623</subfield>
    <subfield code="w">(DE-627)306655969</subfield>
    <subfield code="w">(DE-576)090855825</subfield>
    <subfield code="w">(DE-600)1500086-2</subfield>
    <subfield code="x">1058-8450</subfield>
  </datafield>
  <datafield tag="856" ind1="4" ind2="0">
    <subfield code="u">http://www.nber.org/papers/w24623.pdf</subfield>
    <subfield code="q">application/pdf</subfield>
    <subfield code="x">Verlag</subfield>
    <subfield code="z">Kostenfrei</subfield>
    <subfield code="3">Volltext</subfield>
  </datafield>
  <datafield tag="951" ind1=" " ind2=" ">
    <subfield code="a">BO</subfield>
  </datafield>
</record>