
<?xml version="1.0" encoding="UTF-8"?>
<record xmlns="http://www.loc.gov/MARC21/slim">
  <leader>     cam a22        4500</leader>
  <controlfield tag="001">1679490451</controlfield>
  <controlfield tag="003">DE-627</controlfield>
  <controlfield tag="005">20191024101853.0</controlfield>
  <controlfield tag="007">cr uuu---uuuuu</controlfield>
  <controlfield tag="008">191023s2018    xx |||||o     00| ||eng c</controlfield>
  <datafield tag="035" ind1=" " ind2=" ">
    <subfield code="a">(DE-627)1679490451</subfield>
  </datafield>
  <datafield tag="035" ind1=" " ind2=" ">
    <subfield code="a">(DE-599)KXP1679490451</subfield>
  </datafield>
  <datafield tag="040" ind1=" " ind2=" ">
    <subfield code="a">DE-627</subfield>
    <subfield code="b">ger</subfield>
    <subfield code="c">DE-627</subfield>
    <subfield code="e">rda</subfield>
  </datafield>
  <datafield tag="041" ind1=" " ind2=" ">
    <subfield code="a">eng</subfield>
  </datafield>
  <datafield tag="044" ind1=" " ind2=" ">
    <subfield code="c">XD-US</subfield>
  </datafield>
  <datafield tag="100" ind1="1" ind2=" ">
    <subfield code="a">House, Christopher L.</subfield>
    <subfield code="e">VerfasserIn</subfield>
    <subfield code="0">(DE-588)129355453</subfield>
    <subfield code="0">(DE-627)393981886</subfield>
    <subfield code="0">(DE-576)297616498</subfield>
    <subfield code="4">aut</subfield>
  </datafield>
  <datafield tag="245" ind1="1" ind2="0">
    <subfield code="a">Quantifying the benefits of labor mobility in a currency union</subfield>
    <subfield code="c">Christopher L. House (University of Michigan and NBER), Christian Proebsting (Ecole Polytechnique Federale de Lausanne), Linda L. Tesar (University of Michigan and NBER)</subfield>
  </datafield>
  <datafield tag="264" ind1=" " ind2="1">
    <subfield code="a">Ann Arbor, Michigan</subfield>
    <subfield code="b">Research Seminar in International Economics, Gerald R. Ford School of Public Policy, the University of Michigan</subfield>
    <subfield code="c">December, 2018</subfield>
  </datafield>
  <datafield tag="300" ind1=" " ind2=" ">
    <subfield code="a">1 Online-Ressource (circa 60 Seiten)</subfield>
    <subfield code="b">Illustrationen</subfield>
  </datafield>
  <datafield tag="336" ind1=" " ind2=" ">
    <subfield code="a">Text</subfield>
    <subfield code="b">txt</subfield>
    <subfield code="2">rdacontent</subfield>
  </datafield>
  <datafield tag="337" ind1=" " ind2=" ">
    <subfield code="a">Computermedien</subfield>
    <subfield code="b">c</subfield>
    <subfield code="2">rdamedia</subfield>
  </datafield>
  <datafield tag="338" ind1=" " ind2=" ">
    <subfield code="a">Online-Ressource</subfield>
    <subfield code="b">cr</subfield>
    <subfield code="2">rdacarrier</subfield>
  </datafield>
  <datafield tag="490" ind1="1" ind2=" ">
    <subfield code="a">Discussion paper / Research Seminar in International Economics, Gerald R. Ford School of Public Policy, the University of Michigan</subfield>
    <subfield code="v">no. 671</subfield>
  </datafield>
  <datafield tag="490" ind1="1" ind2=" ">
    <subfield code="a">NBER working paper series</subfield>
    <subfield code="v">25347</subfield>
  </datafield>
  <datafield tag="650" ind1=" " ind2="7">
    <subfield code="8">1.1\x</subfield>
    <subfield code="a">Währungsunion</subfield>
    <subfield code="0">(DE-627)091399394</subfield>
    <subfield code="0">(DE-STW)10771-6</subfield>
    <subfield code="2">stw</subfield>
  </datafield>
  <datafield tag="650" ind1=" " ind2="7">
    <subfield code="8">1.2\x</subfield>
    <subfield code="a">Arbeitsmarktflexibilität</subfield>
    <subfield code="0">(DE-627)091347599</subfield>
    <subfield code="0">(DE-STW)19493-5</subfield>
    <subfield code="2">stw</subfield>
  </datafield>
  <datafield tag="650" ind1=" " ind2="7">
    <subfield code="8">1.3\x</subfield>
    <subfield code="a">DSGE-Modell</subfield>
    <subfield code="0">(DE-627)799223638</subfield>
    <subfield code="0">(DE-STW)29883-0</subfield>
    <subfield code="2">stw</subfield>
  </datafield>
  <datafield tag="700" ind1="1" ind2=" ">
    <subfield code="a">Proebsting, Christian</subfield>
    <subfield code="e">VerfasserIn</subfield>
    <subfield code="0">(DE-588)1127258184</subfield>
    <subfield code="0">(DE-627)881710237</subfield>
    <subfield code="0">(DE-576)485160803</subfield>
    <subfield code="4">aut</subfield>
  </datafield>
  <datafield tag="700" ind1="1" ind2=" ">
    <subfield code="a">Tesar, Linda L.</subfield>
    <subfield code="d">1961-</subfield>
    <subfield code="e">VerfasserIn</subfield>
    <subfield code="0">(DE-588)128450169</subfield>
    <subfield code="0">(DE-627)373001576</subfield>
    <subfield code="0">(DE-576)297152564</subfield>
    <subfield code="4">aut</subfield>
  </datafield>
  <datafield tag="810" ind1="2" ind2=" ">
    <subfield code="a">Research Seminar in International Economics</subfield>
    <subfield code="t">Discussion papers</subfield>
    <subfield code="v">no. 671</subfield>
    <subfield code="9">671</subfield>
    <subfield code="w">(DE-627)488011493</subfield>
    <subfield code="w">(DE-576)281277079</subfield>
    <subfield code="w">(DE-600)2189064-X</subfield>
  </datafield>
  <datafield tag="810" ind1="2" ind2=" ">
    <subfield code="a">National Bureau of Economic Research</subfield>
    <subfield code="t">Working papers</subfield>
    <subfield code="v">25347</subfield>
    <subfield code="9">25347</subfield>
    <subfield code="w">(DE-627)306655969</subfield>
    <subfield code="w">(DE-576)090855825</subfield>
    <subfield code="w">(DE-600)1500086-2</subfield>
    <subfield code="x">1058-8450</subfield>
  </datafield>
  <datafield tag="856" ind1="4" ind2="0">
    <subfield code="u">https://ideas.repec.org/p/mie/wpaper/671.html</subfield>
    <subfield code="x">Verlag</subfield>
    <subfield code="z">Kostenfrei</subfield>
  </datafield>
  <datafield tag="856" ind1="4" ind2="0">
    <subfield code="u">http://fordschool.umich.edu/rsie/workingpapers/Papers651-675/r671.pdf</subfield>
    <subfield code="x">Verlag</subfield>
    <subfield code="z">Kostenfrei</subfield>
  </datafield>
  <datafield tag="856" ind1="4" ind2="0">
    <subfield code="u">https://doi.org/10.3386/w25347</subfield>
    <subfield code="x">Resolving-System</subfield>
    <subfield code="y">NBER edition</subfield>
    <subfield code="z">Lizenzpflichtig</subfield>
  </datafield>
  <datafield tag="924" ind1="1" ind2=" ">
    <subfield code="a">3526445540</subfield>
    <subfield code="b">DE-206</subfield>
    <subfield code="9">206</subfield>
    <subfield code="c">GBV</subfield>
    <subfield code="d">d</subfield>
    <subfield code="g">VS 537</subfield>
    <subfield code="h">K:</subfield>
  </datafield>
  <datafield tag="951" ind1=" " ind2=" ">
    <subfield code="a">BO</subfield>
  </datafield>
</record>