
<?xml version="1.0" encoding="UTF-8"?>
<record xmlns="http://www.loc.gov/MARC21/slim">
  <leader>     nam a22        4500</leader>
  <controlfield tag="001">166932964X</controlfield>
  <controlfield tag="003">DE-627</controlfield>
  <controlfield tag="005">20190717115614.0</controlfield>
  <controlfield tag="007">cr uuu---uuuuu</controlfield>
  <controlfield tag="008">190717s2019    xx |||||o     00| ||eng c</controlfield>
  <datafield tag="024" ind1="7" ind2=" ">
    <subfield code="a">10.3386/w25760</subfield>
    <subfield code="2">doi</subfield>
  </datafield>
  <datafield tag="035" ind1=" " ind2=" ">
    <subfield code="a">(DE-627)166932964X</subfield>
  </datafield>
  <datafield tag="035" ind1=" " ind2=" ">
    <subfield code="a">(DE-599)KXP166932964X</subfield>
  </datafield>
  <datafield tag="040" ind1=" " ind2=" ">
    <subfield code="a">DE-627</subfield>
    <subfield code="b">ger</subfield>
    <subfield code="c">DE-627</subfield>
    <subfield code="e">rda</subfield>
  </datafield>
  <datafield tag="041" ind1=" " ind2=" ">
    <subfield code="a">eng</subfield>
  </datafield>
  <datafield tag="044" ind1=" " ind2=" ">
    <subfield code="c">XD-US</subfield>
  </datafield>
  <datafield tag="100" ind1="1" ind2=" ">
    <subfield code="a">Kotlikoff, Laurence J.</subfield>
    <subfield code="d">1951-</subfield>
    <subfield code="e">VerfasserIn</subfield>
    <subfield code="0">(DE-588)128845007</subfield>
    <subfield code="0">(DE-627)382395190</subfield>
    <subfield code="0">(DE-576)163694877</subfield>
    <subfield code="4">aut</subfield>
  </datafield>
  <datafield tag="245" ind1="1" ind2="0">
    <subfield code="a">Making carbon taxation a generational win win</subfield>
    <subfield code="c">Laurence J. Kotlikoff, Felix Kubler, Andrey Polbin, Jeffrey D. Sachs, Simon Scheidegger</subfield>
  </datafield>
  <datafield tag="264" ind1=" " ind2="1">
    <subfield code="a">[Boston, MA]</subfield>
    <subfield code="b">Boston University - Department of Economics</subfield>
    <subfield code="c">April 2019</subfield>
  </datafield>
  <datafield tag="300" ind1=" " ind2=" ">
    <subfield code="a">1 Online-Ressource (circa 57 Seiten)</subfield>
    <subfield code="b">Illustrationen</subfield>
  </datafield>
  <datafield tag="336" ind1=" " ind2=" ">
    <subfield code="a">Text</subfield>
    <subfield code="b">txt</subfield>
    <subfield code="2">rdacontent</subfield>
  </datafield>
  <datafield tag="337" ind1=" " ind2=" ">
    <subfield code="a">Computermedien</subfield>
    <subfield code="b">c</subfield>
    <subfield code="2">rdamedia</subfield>
  </datafield>
  <datafield tag="338" ind1=" " ind2=" ">
    <subfield code="a">Online-Ressource</subfield>
    <subfield code="b">cr</subfield>
    <subfield code="2">rdacarrier</subfield>
  </datafield>
  <datafield tag="490" ind1="1" ind2=" ">
    <subfield code="a">[IED working papers]</subfield>
    <subfield code="v">313</subfield>
  </datafield>
  <datafield tag="490" ind1="1" ind2=" ">
    <subfield code="a">NBER working paper series</subfield>
    <subfield code="v">25760</subfield>
  </datafield>
  <datafield tag="650" ind1=" " ind2="7">
    <subfield code="8">1.1\x</subfield>
    <subfield code="a">Ökosteuer</subfield>
    <subfield code="0">(DE-627)09138138X</subfield>
    <subfield code="0">(DE-STW)18072-6</subfield>
    <subfield code="2">stw</subfield>
  </datafield>
  <datafield tag="650" ind1=" " ind2="7">
    <subfield code="8">1.2\x</subfield>
    <subfield code="a">Optimale Besteuerung</subfield>
    <subfield code="0">(DE-627)091381606</subfield>
    <subfield code="0">(DE-STW)11688-2</subfield>
    <subfield code="2">stw</subfield>
  </datafield>
  <datafield tag="650" ind1=" " ind2="7">
    <subfield code="8">1.3\x</subfield>
    <subfield code="a">Wohlfahrtsanalyse</subfield>
    <subfield code="0">(DE-627)091401534</subfield>
    <subfield code="0">(DE-STW)10112-4</subfield>
    <subfield code="2">stw</subfield>
  </datafield>
  <datafield tag="650" ind1=" " ind2="7">
    <subfield code="8">1.4\x</subfield>
    <subfield code="a">Overlapping Generations</subfield>
    <subfield code="0">(DE-627)09138205X</subfield>
    <subfield code="0">(DE-STW)10179-0</subfield>
    <subfield code="2">stw</subfield>
  </datafield>
  <datafield tag="650" ind1=" " ind2="7">
    <subfield code="8">1.5\x</subfield>
    <subfield code="a">Kohle</subfield>
    <subfield code="0">(DE-627)091370949</subfield>
    <subfield code="0">(DE-STW)14200-1</subfield>
    <subfield code="2">stw</subfield>
  </datafield>
  <datafield tag="650" ind1=" " ind2="7">
    <subfield code="8">1.6\x</subfield>
    <subfield code="a">Erdöl</subfield>
    <subfield code="0">(DE-627)091357667</subfield>
    <subfield code="0">(DE-STW)14197-6</subfield>
    <subfield code="2">stw</subfield>
  </datafield>
  <datafield tag="650" ind1=" " ind2="7">
    <subfield code="8">1.7\x</subfield>
    <subfield code="a">Erdgas</subfield>
    <subfield code="0">(DE-627)091357608</subfield>
    <subfield code="0">(DE-STW)14196-1</subfield>
    <subfield code="2">stw</subfield>
  </datafield>
  <datafield tag="650" ind1=" " ind2="7">
    <subfield code="8">1.8\x</subfield>
    <subfield code="a">Erneuerbare Energie</subfield>
    <subfield code="0">(DE-627)091385792</subfield>
    <subfield code="0">(DE-STW)18024-3</subfield>
    <subfield code="2">stw</subfield>
  </datafield>
  <datafield tag="650" ind1=" " ind2="7">
    <subfield code="8">1.9\x</subfield>
    <subfield code="a">USA</subfield>
    <subfield code="0">(DE-627)091396867</subfield>
    <subfield code="0">(DE-STW)17829-1</subfield>
    <subfield code="2">stw</subfield>
  </datafield>
  <datafield tag="700" ind1="1" ind2=" ">
    <subfield code="a">Kubler, Felix</subfield>
    <subfield code="d">1969-</subfield>
    <subfield code="e">VerfasserIn</subfield>
    <subfield code="0">(DE-588)130434612</subfield>
    <subfield code="0">(DE-627)501472754</subfield>
    <subfield code="0">(DE-576)18581347X</subfield>
    <subfield code="4">aut</subfield>
  </datafield>
  <datafield tag="700" ind1="1" ind2=" ">
    <subfield code="a">Polbin, Andrej</subfield>
    <subfield code="e">VerfasserIn</subfield>
    <subfield code="0">(DE-588)1069962996</subfield>
    <subfield code="0">(DE-627)823087557</subfield>
    <subfield code="0">(DE-576)429652909</subfield>
    <subfield code="4">aut</subfield>
  </datafield>
  <datafield tag="700" ind1="1" ind2=" ">
    <subfield code="a">Sachs, Jeffrey</subfield>
    <subfield code="d">1954-</subfield>
    <subfield code="e">VerfasserIn</subfield>
    <subfield code="0">(DE-588)120714531</subfield>
    <subfield code="0">(DE-627)080846483</subfield>
    <subfield code="0">(DE-576)162835493</subfield>
    <subfield code="4">aut</subfield>
  </datafield>
  <datafield tag="700" ind1="1" ind2=" ">
    <subfield code="a">Scheidegger, Simon</subfield>
    <subfield code="e">VerfasserIn</subfield>
    <subfield code="0">(DE-588)1055982841</subfield>
    <subfield code="0">(DE-627)793018137</subfield>
    <subfield code="0">(DE-576)412001454</subfield>
    <subfield code="4">aut</subfield>
  </datafield>
  <datafield tag="810" ind1="2" ind2=" ">
    <subfield code="a">Boston University</subfield>
    <subfield code="b">Institute for Economic Development</subfield>
    <subfield code="t">IED working papers</subfield>
    <subfield code="v">313</subfield>
    <subfield code="9">313</subfield>
    <subfield code="w">(DE-627)571506631</subfield>
    <subfield code="w">(DE-576)284043931</subfield>
    <subfield code="w">(DE-600)2436598-1</subfield>
  </datafield>
  <datafield tag="810" ind1="2" ind2=" ">
    <subfield code="a">National Bureau of Economic Research</subfield>
    <subfield code="t">Working papers</subfield>
    <subfield code="v">25760</subfield>
    <subfield code="9">25760</subfield>
    <subfield code="w">(DE-627)306655969</subfield>
    <subfield code="w">(DE-576)090855825</subfield>
    <subfield code="w">(DE-600)1500086-2</subfield>
    <subfield code="x">1058-8450</subfield>
  </datafield>
  <datafield tag="856" ind1="4" ind2="0">
    <subfield code="u">https://ideas.repec.org/p/bos/iedwpr/dp-313.html</subfield>
    <subfield code="x">Verlag</subfield>
    <subfield code="z">Kostenfrei</subfield>
    <subfield code="3">Volltext</subfield>
  </datafield>
  <datafield tag="856" ind1="4" ind2="0">
    <subfield code="u">https://kotlikoff.net/wp-content/uploads/2019/04/Making-Carbon-Taxation-a-Generational-Win-Win-4-17-19.pdf</subfield>
    <subfield code="x">Verlag</subfield>
    <subfield code="z">Kostenfrei</subfield>
    <subfield code="3">Volltext</subfield>
  </datafield>
  <datafield tag="856" ind1="4" ind2="0">
    <subfield code="u">http://www.nber.org/papers/w25760</subfield>
    <subfield code="x">Verlag</subfield>
    <subfield code="y">NBER edition</subfield>
    <subfield code="z">Lizenzpflichtig</subfield>
    <subfield code="3">Volltext</subfield>
  </datafield>
  <datafield tag="924" ind1="1" ind2=" ">
    <subfield code="a">3493951485</subfield>
    <subfield code="b">DE-206</subfield>
    <subfield code="9">206</subfield>
    <subfield code="c">GBV</subfield>
    <subfield code="d">d</subfield>
    <subfield code="g">VS 502</subfield>
    <subfield code="h">K:</subfield>
  </datafield>
  <datafield tag="951" ind1=" " ind2=" ">
    <subfield code="a">BO</subfield>
  </datafield>
</record>