
<?xml version="1.0" encoding="UTF-8"?>
<record xmlns="http://www.loc.gov/MARC21/slim">
  <leader>     cam a22        4500</leader>
  <controlfield tag="001">51528212X</controlfield>
  <controlfield tag="003">DE-627</controlfield>
  <controlfield tag="005">20170811213952.0</controlfield>
  <controlfield tag="007">cr uuu---uuuuu</controlfield>
  <controlfield tag="008">060802s2006    xx |||||o     00| ||eng c</controlfield>
  <datafield tag="010" ind1=" " ind2=" ">
    <subfield code="a">  2006619113</subfield>
  </datafield>
  <datafield tag="035" ind1=" " ind2=" ">
    <subfield code="a">(DE-627)51528212X</subfield>
  </datafield>
  <datafield tag="035" ind1=" " ind2=" ">
    <subfield code="a">(DE-599)GBV51528212X</subfield>
  </datafield>
  <datafield tag="035" ind1=" " ind2=" ">
    <subfield code="a">(OCoLC)611097642</subfield>
  </datafield>
  <datafield tag="040" ind1=" " ind2=" ">
    <subfield code="a">DE-627</subfield>
    <subfield code="b">ger</subfield>
    <subfield code="c">DE-627</subfield>
    <subfield code="e">rakwb</subfield>
  </datafield>
  <datafield tag="041" ind1=" " ind2=" ">
    <subfield code="a">eng</subfield>
  </datafield>
  <datafield tag="044" ind1=" " ind2=" ">
    <subfield code="c">XD-US</subfield>
  </datafield>
  <datafield tag="050" ind1=" " ind2="0">
    <subfield code="a">HB1</subfield>
  </datafield>
  <datafield tag="100" ind1="1" ind2=" ">
    <subfield code="a">Harrison, Ann E.</subfield>
    <subfield code="0">(DE-588)128733292</subfield>
    <subfield code="0">(DE-627)378682865</subfield>
    <subfield code="0">(DE-576)297304259</subfield>
    <subfield code="4">aut</subfield>
  </datafield>
  <datafield tag="245" ind1="1" ind2="0">
    <subfield code="a">Outsourcing jobs?</subfield>
    <subfield code="b">Multinationals and US employment</subfield>
    <subfield code="c">Ann E. Harrison; Margaret S. McMillan</subfield>
  </datafield>
  <datafield tag="264" ind1=" " ind2="1">
    <subfield code="a">Cambridge, Mass.</subfield>
    <subfield code="b">Nat. Bureau of Economic Research</subfield>
    <subfield code="c">2006</subfield>
  </datafield>
  <datafield tag="300" ind1=" " ind2=" ">
    <subfield code="a">Online-Ressource, 61 S., Text</subfield>
    <subfield code="b">graph. Darst.</subfield>
  </datafield>
  <datafield tag="336" ind1=" " ind2=" ">
    <subfield code="a">nicht spezifiziert</subfield>
    <subfield code="b">zzz</subfield>
    <subfield code="2">rdacontent</subfield>
  </datafield>
  <datafield tag="337" ind1=" " ind2=" ">
    <subfield code="a">Computermedien</subfield>
    <subfield code="b">c</subfield>
    <subfield code="2">rdamedia</subfield>
  </datafield>
  <datafield tag="338" ind1=" " ind2=" ">
    <subfield code="a">Online-Ressource</subfield>
    <subfield code="b">cr</subfield>
    <subfield code="2">rdacarrier</subfield>
  </datafield>
  <datafield tag="490" ind1="1" ind2=" ">
    <subfield code="a">NBER working paper series</subfield>
    <subfield code="v">12372</subfield>
  </datafield>
  <datafield tag="500" ind1=" " ind2=" ">
    <subfield code="a">Title from PDF file as viewed on 7/26/2006</subfield>
  </datafield>
  <datafield tag="500" ind1=" " ind2=" ">
    <subfield code="a">Includes bibliographical references</subfield>
  </datafield>
  <datafield tag="520" ind1=" " ind2=" ">
    <subfield code="a">Critics of globalization claim that firms are being driven by the prospects of cheaper labor to shift employment abroad.  Yet the evidence, beyond anecdotes, is slim.  This paper focuses on the labor market decisions of US multinationals at home and abroad for the years 1977 to 1999.  Using firm level data collected by the US Bureau of Economic Analysis (BEA), we separately estimate the impact on US manufacturing employment of affiliate activity abroad, imports and exports within multinational firms, and technological change.  We begin by reporting correlations between US multinational employment at home and abroad.  Evidence based on the operations of US multinationals suggests that the sign of the correlation depends upon the crucial distinction between affiliates in high-income and low-income countries.  US employment and employment in low-income (high-income) countries are substitutes (complements).  The complementarity is driven by an overall contraction in manufacturing employment both in the US and in affiliates based in high-income countries.  We then develop an empirical framework which allows the firm to determine employment at home and abroad simultaneously.  Using a variety of different theoretical approaches to estimating labor demand and a range of econometric techniques, we find that employment in low income countries substitutes for employment at home.  Employment in high income affiliates, however, is generally complementary with US employment.  Second, US capital investments in both high and low income affiliates are associated with lower employment in the United States.  Finally, our results show that other factors have made important contributions to falling manufacturing employment in the United States, including technological change and import competition.  Taken together, our results suggest that concerns over the impact of globalization on US jobs are grounded in reality&quot;--National Bureau of Economic Research web site</subfield>
  </datafield>
  <datafield tag="520" ind1=" " ind2=" ">
    <subfield code="a">&quot;Critics of globalization claim that firms are being driven by the prospects of cheaper labor to shift employment abroad.  Yet the evidence, beyond anecdotes, is slim.  This paper focuses on the labor market decisions of US multinationals at home and abroad for the years 1977 to 1999.  Using firm level data collected by the US Bureau of Economic Analysis (BEA), we separately estimate the impact on US manufacturing employment of affiliate activity abroad, imports and exports within multinational firms, and technological change.  We begin by reporting correlations between US multinational employment at home and abroad.  Evidence based on the operations of US multinationals suggests that the sign of the correlation depends upon the crucial distinction between affiliates in high-income and low-income countries.  US employment and employment in low-income (high-income) countries are substitutes (complements).  The complementarity is driven by an overall contraction in manufacturing employment both in the US and in affiliates based in high-income countries.  We then develop an empirical framework which allows the firm to determine employment at home and abroad simultaneously.  Using a variety of different theoretical approaches to estimating labor demand and a range of econometric techniques, we find that employment in low income countries substitutes for employment at home.  Employment in high income affiliates, however, is generally complementary with US employment.  Second, US capital investments in both high and low income affiliates are associated with lower employment in the United States.  Finally, our results show that other factors have made important contributions to falling manufacturing employment in the United States, including technological change and import competition.  Taken together, our results suggest that concerns over the impact of globalization on US jobs are grounded in reality&quot;--National Bureau of Economic Research web site</subfield>
  </datafield>
  <datafield tag="538" ind1=" " ind2=" ">
    <subfield code="a">Systemvoraussetzungen: Acrobat Reader.</subfield>
  </datafield>
  <datafield tag="538" ind1=" " ind2=" ">
    <subfield code="a">Mode of access: World Wide Web.</subfield>
  </datafield>
  <datafield tag="591" ind1=" " ind2=" ">
    <subfield code="a">Lt. NBER-Homepage: &quot;Published: This paper is only available in electronic format&quot; (GBV)</subfield>
  </datafield>
  <datafield tag="648" ind1=" " ind2="7">
    <subfield code="8">1.5\x</subfield>
    <subfield code="a">1977-1999</subfield>
    <subfield code="2">stw</subfield>
  </datafield>
  <datafield tag="650" ind1=" " ind2="7">
    <subfield code="8">1.1\x</subfield>
    <subfield code="a">Multinationales Unternehmen</subfield>
    <subfield code="0">(DE-627)091378923</subfield>
    <subfield code="0">(DE-STW)12062-4</subfield>
    <subfield code="2">stw</subfield>
  </datafield>
  <datafield tag="650" ind1=" " ind2="7">
    <subfield code="8">1.2\x</subfield>
    <subfield code="a">Outsourcing</subfield>
    <subfield code="0">(DE-627)091382041</subfield>
    <subfield code="0">(DE-STW)19113-6</subfield>
    <subfield code="2">stw</subfield>
  </datafield>
  <datafield tag="650" ind1=" " ind2="7">
    <subfield code="8">1.3\x</subfield>
    <subfield code="a">Arbeitslosigkeit</subfield>
    <subfield code="0">(DE-627)091347564</subfield>
    <subfield code="0">(DE-STW)11182-6</subfield>
    <subfield code="2">stw</subfield>
  </datafield>
  <datafield tag="650" ind1=" " ind2="7">
    <subfield code="8">1.4\x</subfield>
    <subfield code="a">USA</subfield>
    <subfield code="0">(DE-627)091396867</subfield>
    <subfield code="0">(DE-STW)17829-1</subfield>
    <subfield code="2">stw</subfield>
  </datafield>
  <datafield tag="700" ind1="1" ind2=" ">
    <subfield code="a">McMillan, Margaret Stokes</subfield>
    <subfield code="d">1959-</subfield>
    <subfield code="0">(DE-588)124083978</subfield>
    <subfield code="0">(DE-627)085627151</subfield>
    <subfield code="0">(DE-576)294013148</subfield>
    <subfield code="4">oth</subfield>
  </datafield>
  <datafield tag="810" ind1="2" ind2=" ">
    <subfield code="a">National Bureau of Economic Research</subfield>
    <subfield code="t">Working papers</subfield>
    <subfield code="v">12372</subfield>
    <subfield code="9">1237200</subfield>
    <subfield code="w">(DE-627)306655969</subfield>
    <subfield code="w">(DE-576)090855825</subfield>
    <subfield code="w">(DE-600)1500086-2</subfield>
    <subfield code="x">1058-8450</subfield>
  </datafield>
  <datafield tag="856" ind1="4" ind2="0">
    <subfield code="u">http://papers.nber.org/papers/w12372</subfield>
    <subfield code="x">Verlag</subfield>
    <subfield code="3">Volltext</subfield>
  </datafield>
  <datafield tag="856" ind1="4" ind2="0">
    <subfield code="u">http://papers.nber.org/papers/w12372</subfield>
    <subfield code="x">Verlag</subfield>
    <subfield code="3">Volltext</subfield>
  </datafield>
  <datafield tag="924" ind1="1" ind2=" ">
    <subfield code="a">817507248</subfield>
    <subfield code="b">DE-206</subfield>
    <subfield code="9">206</subfield>
    <subfield code="c">GBV</subfield>
    <subfield code="d">d</subfield>
    <subfield code="g">W 1 (12372)</subfield>
    <subfield code="h">K:</subfield>
  </datafield>
  <datafield tag="951" ind1=" " ind2=" ">
    <subfield code="a">BO</subfield>
  </datafield>
</record>