
<?xml version="1.0" encoding="UTF-8"?>
<record xmlns="http://www.loc.gov/MARC21/slim">
  <leader>     cam a22       b4500</leader>
  <controlfield tag="001">560908482</controlfield>
  <controlfield tag="003">DE-627</controlfield>
  <controlfield tag="005">20170812080346.0</controlfield>
  <controlfield tag="007">cr uuu---uuuuu</controlfield>
  <controlfield tag="008">080403s2006    xx |||||o     00| ||eng c</controlfield>
  <datafield tag="035" ind1=" " ind2=" ">
    <subfield code="a">(DE-627)560908482</subfield>
  </datafield>
  <datafield tag="035" ind1=" " ind2=" ">
    <subfield code="a">(DE-599)GBV560908482</subfield>
  </datafield>
  <datafield tag="035" ind1=" " ind2=" ">
    <subfield code="a">(OCoLC)837071591</subfield>
  </datafield>
  <datafield tag="040" ind1=" " ind2=" ">
    <subfield code="a">DE-627</subfield>
    <subfield code="b">ger</subfield>
    <subfield code="c">DE-627</subfield>
    <subfield code="e">rakwb</subfield>
  </datafield>
  <datafield tag="041" ind1=" " ind2=" ">
    <subfield code="a">eng</subfield>
  </datafield>
  <datafield tag="044" ind1=" " ind2=" ">
    <subfield code="c">XA-DE</subfield>
  </datafield>
  <datafield tag="245" ind1="1" ind2="0">
    <subfield code="a">How does foreign direct investment promote economic growth?</subfield>
    <subfield code="b">exploring the effects of financial markets on linkages</subfield>
    <subfield code="c">Laura Alfaro; Areendam Chanda; Sebnem Kalemli-Ozcan; Selin Sayek</subfield>
  </datafield>
  <datafield tag="264" ind1=" " ind2="1">
    <subfield code="c">Sept. 2006</subfield>
  </datafield>
  <datafield tag="300" ind1=" " ind2=" ">
    <subfield code="a">Online-Ressource, Text</subfield>
    <subfield code="b">graph. Darst.</subfield>
  </datafield>
  <datafield tag="336" ind1=" " ind2=" ">
    <subfield code="a">nicht spezifiziert</subfield>
    <subfield code="b">zzz</subfield>
    <subfield code="2">rdacontent</subfield>
  </datafield>
  <datafield tag="337" ind1=" " ind2=" ">
    <subfield code="a">Computermedien</subfield>
    <subfield code="b">c</subfield>
    <subfield code="2">rdamedia</subfield>
  </datafield>
  <datafield tag="338" ind1=" " ind2=" ">
    <subfield code="a">Online-Ressource</subfield>
    <subfield code="b">cr</subfield>
    <subfield code="2">rdacarrier</subfield>
  </datafield>
  <datafield tag="490" ind1="1" ind2=" ">
    <subfield code="a">Proceedings of the German Development Economics Conference, Göttingen 2007; [Annual Conference of Verein für Socialpolitik: Research Committee Development Economics, held at the University of Göttingen June 29-30, 2007] / Verein für Socialpolitik, Research Committee Development Economics. [Lukas Menkhoff, Chairman ...]</subfield>
  </datafield>
  <datafield tag="490" ind1="1" ind2=" ">
    <subfield code="a">NBER working paper series</subfield>
    <subfield code="v">12522</subfield>
  </datafield>
  <datafield tag="520" ind1=" " ind2=" ">
    <subfield code="a">The empirical literature finds mixed evidence on the existence of positive productivity externalities in the host country generated by foreign multinational companies. We propose a mechanism that emphasizes the role of local financial markets in enabling foreign direct investment (FDI) to promote growth through backward linkages, shedding light on this empirical ambiguity. In a small open economy, final goods production is carried out by foreign and domestic firms, which compete for skilled labor, unskilled labor, and intermediate products. To operate a firm in the intermediate goods sector, entrepreneurs must develop a new variety of intermediate good, a task that requires upfront capital investments. The more developed the local financial markets, the easier it is for credit constrained entrepreneurs to start their own firms. The increase in the number of varieties of intermediate goods leads to positive spillovers to the final goods sector. As a result financial markets allow the backward linkages between foreign and domestic firms to turn into FDI spillovers. Our calibration exercises indicate that a) holding the extent of foreign presence constant, financially well-developed economies experience growth rates that are almost twice those of economies with poor financial markets, b) increases in the share of FDI or the relative productivity of the foreign firm leads to higher additional growth in financially developed economies compared to those observed in financially under-developed ones, and c) other local conditions such as market structure and human capital are also important for the effect of FDI on economic growth.</subfield>
  </datafield>
  <datafield tag="650" ind1=" " ind2="7">
    <subfield code="8">1.1\x</subfield>
    <subfield code="a">Multinationales Unternehmen</subfield>
    <subfield code="0">(DE-627)091378923</subfield>
    <subfield code="0">(DE-STW)12062-4</subfield>
    <subfield code="2">stw</subfield>
  </datafield>
  <datafield tag="650" ind1=" " ind2="7">
    <subfield code="8">1.2\x</subfield>
    <subfield code="a">Auslandsinvestition</subfield>
    <subfield code="0">(DE-627)091355095</subfield>
    <subfield code="0">(DE-STW)10823-6</subfield>
    <subfield code="2">stw</subfield>
  </datafield>
  <datafield tag="650" ind1=" " ind2="7">
    <subfield code="8">1.3\x</subfield>
    <subfield code="a">Vorleistungen</subfield>
    <subfield code="0">(DE-627)091398967</subfield>
    <subfield code="0">(DE-STW)10027-2</subfield>
    <subfield code="2">stw</subfield>
  </datafield>
  <datafield tag="650" ind1=" " ind2="7">
    <subfield code="8">1.4\x</subfield>
    <subfield code="a">Finanzmarkt</subfield>
    <subfield code="0">(DE-627)091359937</subfield>
    <subfield code="0">(DE-STW)13723-2</subfield>
    <subfield code="2">stw</subfield>
  </datafield>
  <datafield tag="650" ind1=" " ind2="7">
    <subfield code="8">1.5\x</subfield>
    <subfield code="a">Produktivität</subfield>
    <subfield code="0">(DE-627)091384575</subfield>
    <subfield code="0">(DE-STW)10460-2</subfield>
    <subfield code="2">stw</subfield>
  </datafield>
  <datafield tag="650" ind1=" " ind2="7">
    <subfield code="8">1.6\x</subfield>
    <subfield code="a">Wirtschaftswachstum</subfield>
    <subfield code="0">(DE-627)091401364</subfield>
    <subfield code="0">(DE-STW)10414-2</subfield>
    <subfield code="2">stw</subfield>
  </datafield>
  <datafield tag="650" ind1=" " ind2="7">
    <subfield code="8">1.7\x</subfield>
    <subfield code="a">Kleines-Land-Modell</subfield>
    <subfield code="0">(DE-627)091370787</subfield>
    <subfield code="0">(DE-STW)10042-6</subfield>
    <subfield code="2">stw</subfield>
  </datafield>
  <datafield tag="700" ind1="1" ind2=" ">
    <subfield code="a">Alfaro, Laura</subfield>
    <subfield code="0">(DE-588)131449060</subfield>
    <subfield code="0">(DE-627)50945030X</subfield>
    <subfield code="0">(DE-576)187992401</subfield>
    <subfield code="4">oth</subfield>
  </datafield>
  <datafield tag="700" ind1="1" ind2=" ">
    <subfield code="a">Chanda, Areendam</subfield>
    <subfield code="0">(DE-588)132670690</subfield>
    <subfield code="0">(DE-627)525173447</subfield>
    <subfield code="0">(DE-576)299331652</subfield>
    <subfield code="4">oth</subfield>
  </datafield>
  <datafield tag="700" ind1="1" ind2=" ">
    <subfield code="a">Kalemli-Ozcan, Sebnem</subfield>
    <subfield code="d">1974-</subfield>
    <subfield code="0">(DE-588)129607304</subfield>
    <subfield code="0">(DE-627)474754189</subfield>
    <subfield code="0">(DE-576)297746421</subfield>
    <subfield code="4">oth</subfield>
  </datafield>
  <datafield tag="700" ind1="1" ind2=" ">
    <subfield code="a">Sayek, Selin</subfield>
    <subfield code="d">1972-</subfield>
    <subfield code="0">(DE-588)132670771</subfield>
    <subfield code="0">(DE-627)52517351X</subfield>
    <subfield code="0">(DE-576)299331717</subfield>
    <subfield code="4">oth</subfield>
  </datafield>
  <datafield tag="810" ind1="2" ind2=" ">
    <subfield code="a">National Bureau of Economic Research</subfield>
    <subfield code="t">Working papers</subfield>
    <subfield code="v">12522</subfield>
    <subfield code="9">1252200</subfield>
    <subfield code="w">(DE-627)306655969</subfield>
    <subfield code="w">(DE-576)090855825</subfield>
    <subfield code="w">(DE-600)1500086-2</subfield>
    <subfield code="x">1058-8450</subfield>
  </datafield>
  <datafield tag="811" ind1="2" ind2=" ">
    <subfield code="a">German Development Economics Conference</subfield>
    <subfield code="d">2007</subfield>
    <subfield code="c">Göttingen</subfield>
    <subfield code="t">Proceedings of the German Development Economics Conference, Göttingen 2007 ; [Annual Conference of Verein für Socialpolitik: Research Committee Development Economics, held at the University of Göttingen June 29-30, 2007]</subfield>
    <subfield code="v">[28]</subfield>
    <subfield code="9">28.2006</subfield>
    <subfield code="w">(DE-627)56070500X</subfield>
  </datafield>
  <datafield tag="856" ind1="4" ind2="0">
    <subfield code="u">http://opus.zbw-kiel.de/volltexte/2007/6551/pdf/Sayek.pdf=X Download aus dem Internet, Stand 03.04.2008</subfield>
    <subfield code="x">Verlag</subfield>
    <subfield code="3">Volltext</subfield>
  </datafield>
  <datafield tag="856" ind1="4" ind2="0">
    <subfield code="u">http://ideas.repec.org/p/zbw/gdec07/6551.html</subfield>
    <subfield code="x">Verlag</subfield>
    <subfield code="3">Volltext</subfield>
  </datafield>
  <datafield tag="924" ind1="1" ind2=" ">
    <subfield code="a">866510753</subfield>
    <subfield code="b">DE-206</subfield>
    <subfield code="9">206</subfield>
    <subfield code="c">GBV</subfield>
    <subfield code="d">d</subfield>
  </datafield>
  <datafield tag="951" ind1=" " ind2=" ">
    <subfield code="a">MV</subfield>
  </datafield>
</record>