
<?xml version="1.0" encoding="UTF-8"?>
<record xmlns="http://www.loc.gov/MARC21/slim">
  <leader>     cam a22       b4500</leader>
  <controlfield tag="001">654775680</controlfield>
  <controlfield tag="003">DE-627</controlfield>
  <controlfield tag="005">20180628064344.0</controlfield>
  <controlfield tag="007">cr uuu---uuuuu</controlfield>
  <controlfield tag="008">110324s2010    xx |||||o     00| ||eng c</controlfield>
  <datafield tag="024" ind1="7" ind2=" ">
    <subfield code="a">10419/37515</subfield>
    <subfield code="2">hdl</subfield>
  </datafield>
  <datafield tag="035" ind1=" " ind2=" ">
    <subfield code="a">(DE-627)654775680</subfield>
  </datafield>
  <datafield tag="035" ind1=" " ind2=" ">
    <subfield code="a">(DE-599)GBV654775680</subfield>
  </datafield>
  <datafield tag="035" ind1=" " ind2=" ">
    <subfield code="a">(OCoLC)838473469</subfield>
  </datafield>
  <datafield tag="040" ind1=" " ind2=" ">
    <subfield code="a">DE-627</subfield>
    <subfield code="b">ger</subfield>
    <subfield code="c">DE-627</subfield>
    <subfield code="e">rakwb</subfield>
  </datafield>
  <datafield tag="041" ind1=" " ind2=" ">
    <subfield code="a">eng</subfield>
  </datafield>
  <datafield tag="044" ind1=" " ind2=" ">
    <subfield code="c">XD-US</subfield>
  </datafield>
  <datafield tag="100" ind1="1" ind2=" ">
    <subfield code="a">Schularick, Moritz</subfield>
    <subfield code="d">1975-</subfield>
    <subfield code="0">(DE-588)131841580</subfield>
    <subfield code="0">(DE-627)515953652</subfield>
    <subfield code="0">(DE-576)251131009</subfield>
    <subfield code="4">aut</subfield>
  </datafield>
  <datafield tag="245" ind1="1" ind2="0">
    <subfield code="a">Credit booms gone bust</subfield>
    <subfield code="b">monetary policy, leverage cycles and financial crises, 1870 - 2008</subfield>
    <subfield code="c">Moritz Schularick; Alan M. Taylor</subfield>
  </datafield>
  <datafield tag="246" ind1="3" ind2="3">
    <subfield code="a">Money and credit</subfield>
  </datafield>
  <datafield tag="264" ind1=" " ind2="1">
    <subfield code="a">Cambridge, Mass.</subfield>
    <subfield code="b">NBER</subfield>
    <subfield code="c">2009 [erschienen] 2010</subfield>
  </datafield>
  <datafield tag="300" ind1=" " ind2=" ">
    <subfield code="a">Online-Ressource (37 S., 912 KB)</subfield>
    <subfield code="b">graph. Darst.</subfield>
  </datafield>
  <datafield tag="336" ind1=" " ind2=" ">
    <subfield code="a">nicht spezifiziert</subfield>
    <subfield code="b">zzz</subfield>
    <subfield code="2">rdacontent</subfield>
  </datafield>
  <datafield tag="337" ind1=" " ind2=" ">
    <subfield code="a">Computermedien</subfield>
    <subfield code="b">c</subfield>
    <subfield code="2">rdamedia</subfield>
  </datafield>
  <datafield tag="338" ind1=" " ind2=" ">
    <subfield code="a">Online-Ressource</subfield>
    <subfield code="b">cr</subfield>
    <subfield code="2">rdacarrier</subfield>
  </datafield>
  <datafield tag="490" ind1="1" ind2=" ">
    <subfield code="a">Beiträge zur Jahrestagung des Vereins für Socialpolitik 2010 : Ökonomie der Familie</subfield>
    <subfield code="a">E1, Session: history as laboratory : natural experiments in economic history</subfield>
    <subfield code="v">V2</subfield>
  </datafield>
  <datafield tag="490" ind1="1" ind2=" ">
    <subfield code="a">NBER working paper series</subfield>
    <subfield code="v">15512</subfield>
  </datafield>
  <datafield tag="538" ind1=" " ind2=" ">
    <subfield code="a">Systemvoraussetzungen: Acrobat Reader.</subfield>
  </datafield>
  <datafield tag="648" ind1=" " ind2="7">
    <subfield code="8">1.6\x</subfield>
    <subfield code="a">1870-2008</subfield>
    <subfield code="2">stw</subfield>
  </datafield>
  <datafield tag="650" ind1=" " ind2="7">
    <subfield code="8">1.1\x</subfield>
    <subfield code="a">Geldpolitik</subfield>
    <subfield code="0">(DE-627)09136230X</subfield>
    <subfield code="0">(DE-STW)10382-3</subfield>
    <subfield code="2">stw</subfield>
  </datafield>
  <datafield tag="650" ind1=" " ind2="7">
    <subfield code="8">1.2\x</subfield>
    <subfield code="a">Kreditgeschäft</subfield>
    <subfield code="0">(DE-627)091372755</subfield>
    <subfield code="0">(DE-STW)13776-2</subfield>
    <subfield code="2">stw</subfield>
  </datafield>
  <datafield tag="650" ind1=" " ind2="7">
    <subfield code="8">1.3\x</subfield>
    <subfield code="a">Finanzkrise</subfield>
    <subfield code="0">(DE-627)091359945</subfield>
    <subfield code="0">(DE-STW)19664-4</subfield>
    <subfield code="2">stw</subfield>
  </datafield>
  <datafield tag="650" ind1=" " ind2="7">
    <subfield code="8">1.4\x</subfield>
    <subfield code="a">Wirtschaftsgeschichte</subfield>
    <subfield code="0">(DE-627)091400961</subfield>
    <subfield code="0">(DE-STW)15706-6</subfield>
    <subfield code="2">stw</subfield>
  </datafield>
  <datafield tag="650" ind1=" " ind2="7">
    <subfield code="8">1.5\x</subfield>
    <subfield code="a">Welt</subfield>
    <subfield code="0">(DE-627)09140004X</subfield>
    <subfield code="0">(DE-STW)16809-5</subfield>
    <subfield code="2">stw</subfield>
  </datafield>
  <datafield tag="700" ind1="1" ind2=" ">
    <subfield code="a">Taylor, Alan M.</subfield>
    <subfield code="d">1964-</subfield>
    <subfield code="0">(DE-588)124550819</subfield>
    <subfield code="0">(DE-627)363415254</subfield>
    <subfield code="0">(DE-576)168665964</subfield>
    <subfield code="4">aut</subfield>
  </datafield>
  <datafield tag="810" ind1="2" ind2=" ">
    <subfield code="a">Verein für Socialpolitik</subfield>
    <subfield code="t">Jahrestagung des Vereins für Socialpolitik 2010 (Kiel)</subfield>
    <subfield code="n">E1</subfield>
    <subfield code="p">Session: history as laboratory ; V2</subfield>
    <subfield code="v">E1, V2</subfield>
    <subfield code="9">E,1,2.2010</subfield>
    <subfield code="w">(DE-627)654562393</subfield>
    <subfield code="w">(DE-576)9654562391</subfield>
  </datafield>
  <datafield tag="810" ind1="2" ind2=" ">
    <subfield code="a">National Bureau of Economic Research</subfield>
    <subfield code="t">Working papers</subfield>
    <subfield code="v">15512</subfield>
    <subfield code="9">1551200</subfield>
    <subfield code="w">(DE-627)306655969</subfield>
    <subfield code="w">(DE-576)090855825</subfield>
    <subfield code="w">(DE-600)1500086-2</subfield>
    <subfield code="x">1058-8450</subfield>
  </datafield>
  <datafield tag="856" ind1="4" ind2="0">
    <subfield code="u">http://hdl.handle.net/10419/37515</subfield>
    <subfield code="x">Resolving-System</subfield>
    <subfield code="3">Volltext</subfield>
  </datafield>
  <datafield tag="924" ind1="1" ind2=" ">
    <subfield code="a">1234014890</subfield>
    <subfield code="b">DE-206</subfield>
    <subfield code="9">206</subfield>
    <subfield code="c">GBV</subfield>
    <subfield code="d">d</subfield>
    <subfield code="g">DSM</subfield>
    <subfield code="h">K:</subfield>
  </datafield>
  <datafield tag="951" ind1=" " ind2=" ">
    <subfield code="a">MV</subfield>
  </datafield>
</record>