
<?xml version="1.0" encoding="UTF-8"?>
<record xmlns="http://www.loc.gov/MARC21/slim">
  <leader>     cam a22        4500</leader>
  <controlfield tag="001">668481188</controlfield>
  <controlfield tag="003">DE-627</controlfield>
  <controlfield tag="005">20200115005207.0</controlfield>
  <controlfield tag="007">cr uuu---uuuuu</controlfield>
  <controlfield tag="008">110919s2011    xx |||||o     00| ||eng c</controlfield>
  <datafield tag="024" ind1="7" ind2=" ">
    <subfield code="a">10419/62662</subfield>
    <subfield code="2">hdl</subfield>
  </datafield>
  <datafield tag="035" ind1=" " ind2=" ">
    <subfield code="a">(DE-627)668481188</subfield>
  </datafield>
  <datafield tag="035" ind1=" " ind2=" ">
    <subfield code="a">(DE-599)GBV668481188</subfield>
  </datafield>
  <datafield tag="035" ind1=" " ind2=" ">
    <subfield code="a">(OCoLC)838719929</subfield>
  </datafield>
  <datafield tag="040" ind1=" " ind2=" ">
    <subfield code="a">DE-627</subfield>
    <subfield code="b">ger</subfield>
    <subfield code="c">DE-627</subfield>
    <subfield code="e">rakwb</subfield>
  </datafield>
  <datafield tag="041" ind1=" " ind2=" ">
    <subfield code="a">eng</subfield>
  </datafield>
  <datafield tag="044" ind1=" " ind2=" ">
    <subfield code="c">XD-US</subfield>
  </datafield>
  <datafield tag="084" ind1=" " ind2=" ">
    <subfield code="a">E40</subfield>
    <subfield code="a">O16</subfield>
    <subfield code="a">O33</subfield>
    <subfield code="2">JEL</subfield>
  </datafield>
  <datafield tag="100" ind1="1" ind2=" ">
    <subfield code="a">Mbiti, Isaac</subfield>
    <subfield code="4">aut</subfield>
  </datafield>
  <datafield tag="245" ind1="1" ind2="0">
    <subfield code="a">Mobile banking: the impact of M-Pesa in Kenya</subfield>
    <subfield code="c">Isaac Mbiti; David N. Weil</subfield>
  </datafield>
  <datafield tag="264" ind1=" " ind2="1">
    <subfield code="a">[Providence, RI</subfield>
    <subfield code="b">Brown Univ., Dep. of Economics]</subfield>
    <subfield code="c">2011</subfield>
  </datafield>
  <datafield tag="300" ind1=" " ind2=" ">
    <subfield code="a">Online-Ressource (PDF-Datei: [53] Bl., 472 KB)</subfield>
    <subfield code="b">graph. Darst.</subfield>
  </datafield>
  <datafield tag="336" ind1=" " ind2=" ">
    <subfield code="a">nicht spezifiziert</subfield>
    <subfield code="b">zzz</subfield>
    <subfield code="2">rdacontent</subfield>
  </datafield>
  <datafield tag="337" ind1=" " ind2=" ">
    <subfield code="a">Computermedien</subfield>
    <subfield code="b">c</subfield>
    <subfield code="2">rdamedia</subfield>
  </datafield>
  <datafield tag="338" ind1=" " ind2=" ">
    <subfield code="a">Online-Ressource</subfield>
    <subfield code="b">cr</subfield>
    <subfield code="2">rdacarrier</subfield>
  </datafield>
  <datafield tag="490" ind1="1" ind2=" ">
    <subfield code="a">[Working paper / Brown University, Department of Economics</subfield>
    <subfield code="v">2011-13]</subfield>
  </datafield>
  <datafield tag="490" ind1="1" ind2=" ">
    <subfield code="a">NBER working paper series</subfield>
    <subfield code="v">17129</subfield>
  </datafield>
  <datafield tag="520" ind1=" " ind2=" ">
    <subfield code="a">M-Pesa is a mobile phone based money transfer system in Kenya which grew at a blistering pace following its inception in 2007. We examine how M-Pesa is used as well as its economic impacts. Analyzing data from two waves of individual data on financial access in Kenya, we find that increased use of M-Pesa lowers the propensity of people to use informal savings mechanisms such as ROSCAS, but raises the probability of their being banked. Using aggregate data, we calculate the velocity of M-Pesa at between 11.0 and 14.6 person-to-person transfers per month. In addition, we find that M-Pesa causes decreases in the prices of competing money transfer services such as Western Union. While we find little evidence that people use their M-Pesa accounts as a place to store wealth, our results suggest that M-Pesa improves individual outcomes by promoting banking and increasing transfers.</subfield>
  </datafield>
  <datafield tag="538" ind1=" " ind2=" ">
    <subfield code="a">Systemvoraussetzungen: Acrobat Reader.</subfield>
  </datafield>
  <datafield tag="591" ind1=" " ind2=" ">
    <subfield code="a">###Kat. 4170 der Frontdoor entnommen### &lt;206&gt; (GBV)</subfield>
  </datafield>
  <datafield tag="648" ind1=" " ind2="7">
    <subfield code="8">1.5\x</subfield>
    <subfield code="a">2003-2009</subfield>
    <subfield code="2">stw</subfield>
  </datafield>
  <datafield tag="650" ind1=" " ind2="7">
    <subfield code="8">1.1\x</subfield>
    <subfield code="a">Mobiltelefon</subfield>
    <subfield code="0">(DE-627)091378532</subfield>
    <subfield code="0">(DE-STW)18081-5</subfield>
    <subfield code="2">stw</subfield>
  </datafield>
  <datafield tag="650" ind1=" " ind2="7">
    <subfield code="8">1.2\x</subfield>
    <subfield code="a">Electronic Banking</subfield>
    <subfield code="0">(DE-627)091356539</subfield>
    <subfield code="0">(DE-STW)18712-3</subfield>
    <subfield code="2">stw</subfield>
  </datafield>
  <datafield tag="650" ind1=" " ind2="7">
    <subfield code="8">1.3\x</subfield>
    <subfield code="a">Kosten-Nutzen-Analyse</subfield>
    <subfield code="0">(DE-627)091372348</subfield>
    <subfield code="0">(DE-STW)11529-1</subfield>
    <subfield code="2">stw</subfield>
  </datafield>
  <datafield tag="650" ind1=" " ind2="7">
    <subfield code="8">1.4\x</subfield>
    <subfield code="a">Kenia</subfield>
    <subfield code="0">(DE-627)091370434</subfield>
    <subfield code="0">(DE-STW)17660-1</subfield>
    <subfield code="2">stw</subfield>
  </datafield>
  <datafield tag="700" ind1="1" ind2=" ">
    <subfield code="a">Weil, David N.</subfield>
    <subfield code="0">(DE-588)124790429</subfield>
    <subfield code="0">(DE-627)366057081</subfield>
    <subfield code="0">(DE-576)165502703</subfield>
    <subfield code="4">aut</subfield>
  </datafield>
  <datafield tag="810" ind1="2" ind2=" ">
    <subfield code="a">Brown University</subfield>
    <subfield code="b">Department of Economics</subfield>
    <subfield code="t">Working papers</subfield>
    <subfield code="v">2011-13</subfield>
    <subfield code="9">20110013</subfield>
    <subfield code="w">(DE-627)484407325</subfield>
    <subfield code="w">(DE-576)281274479</subfield>
    <subfield code="w">(DE-600)2185003-3</subfield>
  </datafield>
  <datafield tag="810" ind1="2" ind2=" ">
    <subfield code="a">National Bureau of Economic Research</subfield>
    <subfield code="t">Working papers</subfield>
    <subfield code="v">17129</subfield>
    <subfield code="9">1721900</subfield>
    <subfield code="w">(DE-627)306655969</subfield>
    <subfield code="w">(DE-576)090855825</subfield>
    <subfield code="w">(DE-600)1500086-2</subfield>
    <subfield code="x">1058-8450</subfield>
  </datafield>
  <datafield tag="856" ind1="4" ind2="0">
    <subfield code="u">http://hdl.handle.net/10419/62662</subfield>
    <subfield code="x">Download aus dem Internet, Stand: 19.09.2011</subfield>
    <subfield code="3">Volltext</subfield>
  </datafield>
  <datafield tag="856" ind1="4" ind2="0">
    <subfield code="u">http://www.brown.edu/Departments/Economics/Papers/2011/2011-13_paper.pdf</subfield>
    <subfield code="x">Verlag</subfield>
    <subfield code="3">Volltext</subfield>
  </datafield>
  <datafield tag="924" ind1="1" ind2=" ">
    <subfield code="a">1269515535</subfield>
    <subfield code="b">DE-206</subfield>
    <subfield code="9">206</subfield>
    <subfield code="c">GBV</subfield>
    <subfield code="d">d</subfield>
    <subfield code="g">DS 171 (2011,13)</subfield>
    <subfield code="h">K:</subfield>
  </datafield>
  <datafield tag="951" ind1=" " ind2=" ">
    <subfield code="a">BO</subfield>
  </datafield>
</record>