
<?xml version="1.0" encoding="UTF-8"?>
<record xmlns="http://www.loc.gov/MARC21/slim">
  <leader>     cam a22       b4500</leader>
  <controlfield tag="001">730535983</controlfield>
  <controlfield tag="003">DE-627</controlfield>
  <controlfield tag="005">20170812201705.0</controlfield>
  <controlfield tag="007">cr uuu---uuuuu</controlfield>
  <controlfield tag="008">121127s2012    xx |||||o     00| ||eng c</controlfield>
  <datafield tag="024" ind1="7" ind2=" ">
    <subfield code="a">10419/62070</subfield>
    <subfield code="2">hdl</subfield>
  </datafield>
  <datafield tag="035" ind1=" " ind2=" ">
    <subfield code="a">(DE-627)730535983</subfield>
  </datafield>
  <datafield tag="035" ind1=" " ind2=" ">
    <subfield code="a">(DE-599)GBV730535983</subfield>
  </datafield>
  <datafield tag="035" ind1=" " ind2=" ">
    <subfield code="a">(OCoLC)930934158</subfield>
  </datafield>
  <datafield tag="040" ind1=" " ind2=" ">
    <subfield code="a">DE-627</subfield>
    <subfield code="b">ger</subfield>
    <subfield code="c">DE-627</subfield>
    <subfield code="e">rakwb</subfield>
  </datafield>
  <datafield tag="041" ind1=" " ind2=" ">
    <subfield code="a">eng</subfield>
  </datafield>
  <datafield tag="044" ind1=" " ind2=" ">
    <subfield code="c">XA-DE</subfield>
  </datafield>
  <datafield tag="084" ind1=" " ind2=" ">
    <subfield code="a">I20</subfield>
    <subfield code="a">J24</subfield>
    <subfield code="a">J31</subfield>
    <subfield code="a">J64</subfield>
    <subfield code="2">JEL</subfield>
  </datafield>
  <datafield tag="100" ind1="1" ind2=" ">
    <subfield code="a">Hanushek, Eric Alan</subfield>
    <subfield code="d">1943-</subfield>
    <subfield code="0">(DE-588)124078710</subfield>
    <subfield code="0">(DE-627)085623369</subfield>
    <subfield code="0">(DE-576)161300758</subfield>
    <subfield code="4">aut</subfield>
  </datafield>
  <datafield tag="245" ind1="1" ind2="0">
    <subfield code="a">General education, vocational education, and labor-market outcomes over the life-cycle</subfield>
    <subfield code="c">Eric A. Hanushek; Ludger Woessmann, Lei Zhang</subfield>
  </datafield>
  <datafield tag="264" ind1=" " ind2="1">
    <subfield code="a">Cambridge, MA</subfield>
    <subfield code="b">National Bureau of Economic Research</subfield>
    <subfield code="c">2012</subfield>
  </datafield>
  <datafield tag="300" ind1=" " ind2=" ">
    <subfield code="a">Online-Ressource ( 30 S., [19] Bl.,  498,83 KB)</subfield>
    <subfield code="b">graph. Darst.</subfield>
  </datafield>
  <datafield tag="336" ind1=" " ind2=" ">
    <subfield code="a">nicht spezifiziert</subfield>
    <subfield code="b">zzz</subfield>
    <subfield code="2">rdacontent</subfield>
  </datafield>
  <datafield tag="337" ind1=" " ind2=" ">
    <subfield code="a">Computermedien</subfield>
    <subfield code="b">c</subfield>
    <subfield code="2">rdamedia</subfield>
  </datafield>
  <datafield tag="338" ind1=" " ind2=" ">
    <subfield code="a">Online-Ressource</subfield>
    <subfield code="b">cr</subfield>
    <subfield code="2">rdacarrier</subfield>
  </datafield>
  <datafield tag="490" ind1="1" ind2=" ">
    <subfield code="a">Beiträge zur Jahrestagung des Vereins für Socialpolitik 2012 : &quot;Neue Wege und Herausforderungen für den Arbeitsmarkt des 21. Jahrhunderts&quot;</subfield>
    <subfield code="a">B09, Session: Education</subfield>
    <subfield code="v">V2</subfield>
  </datafield>
  <datafield tag="490" ind1="1" ind2=" ">
    <subfield code="a">NBER working paper series</subfield>
    <subfield code="v">17504</subfield>
  </datafield>
  <datafield tag="520" ind1=" " ind2=" ">
    <subfield code="a">Policy debates about the balance of vocational and general education programs focus on the school-to-work transition. But with rapid technological change, gains in youth employment from vocational education may be offset by less adaptability and thus diminished employment later in life. To test our main hypothesis that any relative labor-market advantage of vocational education decreases with age, we employ adifference-in-differences approach that compares employment rates across different ages for peoplewith general and vocational education. Using micro data for 18 countries from the International Adult Literacy Survey, we find strong support for the existence of such a trade-off, which is most pronounced in countries emphasizing apprenticeship programs. Results are robust to accounting for ability patterns and to propensity-score matching.</subfield>
  </datafield>
  <datafield tag="538" ind1=" " ind2=" ">
    <subfield code="a">Systemvoraussetzungen: Acrobat Reader.</subfield>
  </datafield>
  <datafield tag="648" ind1=" " ind2="7">
    <subfield code="8">1.7\x</subfield>
    <subfield code="a">1994-1998</subfield>
    <subfield code="2">stw</subfield>
  </datafield>
  <datafield tag="650" ind1=" " ind2="7">
    <subfield code="8">1.1\x</subfield>
    <subfield code="a">Bildungsinvestition</subfield>
    <subfield code="0">(DE-627)091352010</subfield>
    <subfield code="0">(DE-STW)11222-6</subfield>
    <subfield code="2">stw</subfield>
  </datafield>
  <datafield tag="650" ind1=" " ind2="7">
    <subfield code="8">1.2\x</subfield>
    <subfield code="a">Bildungsverhalten</subfield>
    <subfield code="0">(DE-627)091352088</subfield>
    <subfield code="0">(DE-STW)18860-2</subfield>
    <subfield code="2">stw</subfield>
  </datafield>
  <datafield tag="650" ind1=" " ind2="7">
    <subfield code="8">1.3\x</subfield>
    <subfield code="a">Berufsbildung</subfield>
    <subfield code="0">(DE-627)091350522</subfield>
    <subfield code="0">(DE-STW)11360-1</subfield>
    <subfield code="2">stw</subfield>
  </datafield>
  <datafield tag="650" ind1=" " ind2="7">
    <subfield code="8">1.4\x</subfield>
    <subfield code="a">Einkommen</subfield>
    <subfield code="0">(DE-627)091356083</subfield>
    <subfield code="0">(DE-STW)10006-3</subfield>
    <subfield code="2">stw</subfield>
  </datafield>
  <datafield tag="650" ind1=" " ind2="7">
    <subfield code="8">1.5\x</subfield>
    <subfield code="a">Lebensverlauf</subfield>
    <subfield code="0">(DE-627)09137474X</subfield>
    <subfield code="0">(DE-STW)19761-6</subfield>
    <subfield code="2">stw</subfield>
  </datafield>
  <datafield tag="650" ind1=" " ind2="7">
    <subfield code="8">1.6\x</subfield>
    <subfield code="a">Welt</subfield>
    <subfield code="0">(DE-627)09140004X</subfield>
    <subfield code="0">(DE-STW)16809-5</subfield>
    <subfield code="2">stw</subfield>
  </datafield>
  <datafield tag="700" ind1="1" ind2=" ">
    <subfield code="a">Woessmann, Ludger</subfield>
    <subfield code="d">1973-</subfield>
    <subfield code="0">(DE-588)120787113</subfield>
    <subfield code="0">(DE-627)270947795</subfield>
    <subfield code="0">(DE-576)179968998</subfield>
    <subfield code="4">aut</subfield>
  </datafield>
  <datafield tag="700" ind1="1" ind2=" ">
    <subfield code="a">Zhang, Lei</subfield>
    <subfield code="0">(DE-588)129996726</subfield>
    <subfield code="0">(DE-627)486913643</subfield>
    <subfield code="0">(DE-576)297941496</subfield>
    <subfield code="4">aut</subfield>
  </datafield>
  <datafield tag="810" ind1="2" ind2=" ">
    <subfield code="a">Verein für Socialpolitik</subfield>
    <subfield code="t">Jahrestagung des Vereins für Socialpolitik 2012 (Göttingen)</subfield>
    <subfield code="n">B09</subfield>
    <subfield code="p">Session: Education ; V2</subfield>
    <subfield code="v">B09, V2</subfield>
    <subfield code="9">B,09,2.2012</subfield>
    <subfield code="w">(DE-627)730329925</subfield>
  </datafield>
  <datafield tag="810" ind1="2" ind2=" ">
    <subfield code="a">National Bureau of Economic Research</subfield>
    <subfield code="t">Working papers</subfield>
    <subfield code="v">17504</subfield>
    <subfield code="9">1750400</subfield>
    <subfield code="w">(DE-627)306655969</subfield>
    <subfield code="w">(DE-576)090855825</subfield>
    <subfield code="w">(DE-600)1500086-2</subfield>
    <subfield code="x">1058-8450</subfield>
  </datafield>
  <datafield tag="856" ind1="4" ind2="0">
    <subfield code="u">http://hdl.handle.net/10419/62070</subfield>
    <subfield code="x">Resolving-System</subfield>
    <subfield code="3">Volltext</subfield>
  </datafield>
  <datafield tag="924" ind1="1" ind2=" ">
    <subfield code="a">1430085843</subfield>
    <subfield code="b">DE-46</subfield>
    <subfield code="9">46</subfield>
    <subfield code="c">GBV</subfield>
    <subfield code="d">d</subfield>
    <subfield code="k">http://hdl.handle.net/10419/62070</subfield>
  </datafield>
  <datafield tag="924" ind1="1" ind2=" ">
    <subfield code="a">1342404696</subfield>
    <subfield code="b">DE-206</subfield>
    <subfield code="9">206</subfield>
    <subfield code="c">GBV</subfield>
    <subfield code="d">d</subfield>
    <subfield code="g">DSM 13</subfield>
    <subfield code="h">K:</subfield>
  </datafield>
  <datafield tag="924" ind1="1" ind2=" ">
    <subfield code="a">144672140X</subfield>
    <subfield code="b">DE-7</subfield>
    <subfield code="9">7</subfield>
    <subfield code="c">GBV</subfield>
    <subfield code="d">d</subfield>
  </datafield>
  <datafield tag="951" ind1=" " ind2=" ">
    <subfield code="a">MV</subfield>
  </datafield>
</record>