
<?xml version="1.0" encoding="UTF-8"?>
<record xmlns="http://www.loc.gov/MARC21/slim">
  <leader>     cam a22     2  4500</leader>
  <controlfield tag="001">789626691</controlfield>
  <controlfield tag="003">DE-627</controlfield>
  <controlfield tag="005">20200121040333.0</controlfield>
  <controlfield tag="007">cr uuu---uuuuu</controlfield>
  <controlfield tag="008">140704s2012    xx |||||o     00| ||eng c</controlfield>
  <datafield tag="024" ind1="7" ind2=" ">
    <subfield code="a">10.3386/w17929</subfield>
    <subfield code="2">doi</subfield>
  </datafield>
  <datafield tag="035" ind1=" " ind2=" ">
    <subfield code="a">(DE-627)789626691</subfield>
  </datafield>
  <datafield tag="035" ind1=" " ind2=" ">
    <subfield code="a">(DE-599)GBV789626691</subfield>
  </datafield>
  <datafield tag="035" ind1=" " ind2=" ">
    <subfield code="a">(NBER)w17929</subfield>
  </datafield>
  <datafield tag="040" ind1=" " ind2=" ">
    <subfield code="a">DE-627</subfield>
    <subfield code="b">ger</subfield>
    <subfield code="c">DE-627</subfield>
    <subfield code="e">rakwb</subfield>
  </datafield>
  <datafield tag="041" ind1=" " ind2=" ">
    <subfield code="a">eng</subfield>
  </datafield>
  <datafield tag="044" ind1=" " ind2=" ">
    <subfield code="c">XD-US</subfield>
  </datafield>
  <datafield tag="245" ind1="1" ind2="4">
    <subfield code="a">The market for financial advice</subfield>
    <subfield code="b">an audit study</subfield>
  </datafield>
  <datafield tag="264" ind1=" " ind2="1">
    <subfield code="a">Cambridge, Mass.</subfield>
    <subfield code="b">National Bureau of Economic Research</subfield>
    <subfield code="c">2012</subfield>
  </datafield>
  <datafield tag="300" ind1=" " ind2=" ">
    <subfield code="a">Online-Ressource (32 S.)</subfield>
  </datafield>
  <datafield tag="336" ind1=" " ind2=" ">
    <subfield code="a">Text</subfield>
    <subfield code="b">txt</subfield>
    <subfield code="2">rdacontent</subfield>
  </datafield>
  <datafield tag="337" ind1=" " ind2=" ">
    <subfield code="a">Computermedien</subfield>
    <subfield code="b">c</subfield>
    <subfield code="2">rdamedia</subfield>
  </datafield>
  <datafield tag="338" ind1=" " ind2=" ">
    <subfield code="a">Online-Ressource</subfield>
    <subfield code="b">cr</subfield>
    <subfield code="2">rdacarrier</subfield>
  </datafield>
  <datafield tag="490" ind1="1" ind2=" ">
    <subfield code="a">NBER working paper series</subfield>
    <subfield code="v">17929</subfield>
  </datafield>
  <datafield tag="490" ind1="1" ind2=" ">
    <subfield code="a">NBER working paper series</subfield>
    <subfield code="v">no. w17929</subfield>
  </datafield>
  <datafield tag="520" ind1=" " ind2=" ">
    <subfield code="a">Do financial advisers undo or reinforce the behavioral biases and misconceptions of their clients? We use an audit methodology where trained auditors meet with financial advisers and present different types of portfolios. These portfolios reflect either biases that are in line with the financial interests of the advisers (e.g., returns-chasing portfolio) or run counter to their interests (e.g., a portfolio with company stock or very low-fee index funds). We document that advisers fail to de-bias their clients and often reinforce biases that are in their interests. Advisers encourage returns-chasing behavior and push for actively managed funds that have higher fees, even if the client starts with a well-diversified, low-fee portfolio</subfield>
  </datafield>
  <datafield tag="700" ind1="1" ind2=" ">
    <subfield code="a">Mullainathan, Sendhil</subfield>
    <subfield code="d">19XX-</subfield>
    <subfield code="0">(DE-588)128755229</subfield>
    <subfield code="0">(DE-627)379130963</subfield>
    <subfield code="0">(DE-576)297316176</subfield>
    <subfield code="4">oth</subfield>
  </datafield>
  <datafield tag="700" ind1="1" ind2=" ">
    <subfield code="a">Nöth, Markus</subfield>
    <subfield code="d">1969-</subfield>
    <subfield code="0">(DE-588)171490819</subfield>
    <subfield code="0">(DE-627)061697249</subfield>
    <subfield code="0">(DE-576)361849087</subfield>
    <subfield code="4">oth</subfield>
  </datafield>
  <datafield tag="700" ind1="1" ind2=" ">
    <subfield code="a">Schoar, Antoinette</subfield>
    <subfield code="0">(DE-588)128635452</subfield>
    <subfield code="0">(DE-627)376939796</subfield>
    <subfield code="0">(DE-576)297252046</subfield>
    <subfield code="4">oth</subfield>
  </datafield>
  <datafield tag="810" ind1="2" ind2=" ">
    <subfield code="a">National Bureau of Economic Research</subfield>
    <subfield code="t">Working papers</subfield>
    <subfield code="v">17929</subfield>
    <subfield code="9">1792900</subfield>
    <subfield code="w">(DE-627)306655969</subfield>
    <subfield code="w">(DE-576)090855825</subfield>
    <subfield code="w">(DE-600)1500086-2</subfield>
    <subfield code="x">1058-8450</subfield>
  </datafield>
  <datafield tag="856" ind1="4" ind2="0">
    <subfield code="u">http://www.nber.org/papers/w17929</subfield>
    <subfield code="x">Verlag</subfield>
    <subfield code="3">Volltext</subfield>
  </datafield>
  <datafield tag="856" ind1="4" ind2="0">
    <subfield code="u">http://www.nber.org/papers/w17929</subfield>
    <subfield code="x">Verlag</subfield>
    <subfield code="3">Volltext</subfield>
  </datafield>
  <datafield tag="856" ind1="4" ind2="0">
    <subfield code="u">http://dx.doi.org/10.3386/w17929</subfield>
    <subfield code="x">Verlag</subfield>
    <subfield code="3">Volltext</subfield>
  </datafield>
  <datafield tag="912" ind1=" " ind2=" ">
    <subfield code="a">ZDB-194-NBW</subfield>
  </datafield>
  <datafield tag="924" ind1="1" ind2=" ">
    <subfield code="a">3494063966</subfield>
    <subfield code="b">DE-705</subfield>
    <subfield code="9">705</subfield>
    <subfield code="c">GBV</subfield>
    <subfield code="d">d</subfield>
    <subfield code="k">http://dx.doi.org/10.3386/w17929</subfield>
  </datafield>
  <datafield tag="924" ind1="1" ind2=" ">
    <subfield code="a">3520631091</subfield>
    <subfield code="b">DE-89</subfield>
    <subfield code="9">89</subfield>
    <subfield code="c">GBV</subfield>
    <subfield code="d">d</subfield>
    <subfield code="k">http://dx.doi.org/10.3386/w17929</subfield>
  </datafield>
  <datafield tag="924" ind1="1" ind2=" ">
    <subfield code="a">1477251634</subfield>
    <subfield code="b">n/a</subfield>
    <subfield code="9">n/a</subfield>
    <subfield code="c">GBV</subfield>
    <subfield code="d">d</subfield>
  </datafield>
  <datafield tag="950" ind1="l" ind2=" ">
    <subfield code="a">Nöth, Markus</subfield>
    <subfield code="2">661</subfield>
  </datafield>
  <datafield tag="950" ind1="l" ind2=" ">
    <subfield code="a">(Verfasser der Uni HH)</subfield>
    <subfield code="2">661</subfield>
  </datafield>
  <datafield tag="950" ind1="l" ind2=" ">
    <subfield code="a">Universität &lt;Hamburg&gt;</subfield>
    <subfield code="2">661</subfield>
  </datafield>
  <datafield tag="950" ind1="l" ind2=" ">
    <subfield code="a">Universität &lt;Hamburg&gt;</subfield>
    <subfield code="2">661</subfield>
  </datafield>
  <datafield tag="950" ind1="l" ind2=" ">
    <subfield code="a">Discussion-Paper</subfield>
    <subfield code="2">661</subfield>
  </datafield>
  <datafield tag="951" ind1=" " ind2=" ">
    <subfield code="a">BO</subfield>
  </datafield>
</record>