
<?xml version="1.0" encoding="UTF-8"?>
<record xmlns="http://www.loc.gov/MARC21/slim">
  <leader>     cam a22       b4500</leader>
  <controlfield tag="001">819364851</controlfield>
  <controlfield tag="003">DE-627</controlfield>
  <controlfield tag="005">20190225084725.0</controlfield>
  <controlfield tag="007">cr uuu---uuuuu</controlfield>
  <controlfield tag="008">150304s2014    xx |||||o     10| ||eng c</controlfield>
  <datafield tag="024" ind1="7" ind2=" ">
    <subfield code="a">10419/100457</subfield>
    <subfield code="2">hdl</subfield>
  </datafield>
  <datafield tag="035" ind1=" " ind2=" ">
    <subfield code="a">(DE-627)819364851</subfield>
  </datafield>
  <datafield tag="035" ind1=" " ind2=" ">
    <subfield code="a">(DE-576)981936485X</subfield>
  </datafield>
  <datafield tag="035" ind1=" " ind2=" ">
    <subfield code="a">(DE-599)GBV819364851</subfield>
  </datafield>
  <datafield tag="035" ind1=" " ind2=" ">
    <subfield code="a">(OCoLC)931832520</subfield>
  </datafield>
  <datafield tag="040" ind1=" " ind2=" ">
    <subfield code="a">DE-627</subfield>
    <subfield code="b">ger</subfield>
    <subfield code="c">DE-627</subfield>
    <subfield code="e">rakwb</subfield>
  </datafield>
  <datafield tag="041" ind1=" " ind2=" ">
    <subfield code="a">eng</subfield>
  </datafield>
  <datafield tag="044" ind1=" " ind2=" ">
    <subfield code="c">XA-DE</subfield>
  </datafield>
  <datafield tag="082" ind1="0" ind2="4">
    <subfield code="a">330</subfield>
  </datafield>
  <datafield tag="084" ind1=" " ind2=" ">
    <subfield code="a">D21</subfield>
    <subfield code="a">D22</subfield>
    <subfield code="a">D83</subfield>
    <subfield code="2">JEL</subfield>
  </datafield>
  <datafield tag="100" ind1="1" ind2=" ">
    <subfield code="a">Triebsees, Thomas</subfield>
    <subfield code="d">1978-</subfield>
    <subfield code="0">(DE-588)136853579</subfield>
    <subfield code="0">(DE-627)587814950</subfield>
    <subfield code="0">(DE-576)301310971</subfield>
    <subfield code="4">aut</subfield>
  </datafield>
  <datafield tag="245" ind1="1" ind2="0">
    <subfield code="a">Learning capitalism the hard way</subfield>
    <subfield code="b">evidence from Germany&apos;s reunification ; conference paper</subfield>
    <subfield code="c">Triebs, Thomas; Tumlinson, Justin</subfield>
  </datafield>
  <datafield tag="264" ind1=" " ind2="1">
    <subfield code="a">[Kiel</subfield>
    <subfield code="a">Hamburg]</subfield>
    <subfield code="b">ZBW</subfield>
    <subfield code="c">2014</subfield>
  </datafield>
  <datafield tag="300" ind1=" " ind2=" ">
    <subfield code="a">Online-Ressource (21 S.)</subfield>
    <subfield code="b">graph. Darst.</subfield>
  </datafield>
  <datafield tag="336" ind1=" " ind2=" ">
    <subfield code="a">nicht spezifiziert</subfield>
    <subfield code="b">zzz</subfield>
    <subfield code="2">rdacontent</subfield>
  </datafield>
  <datafield tag="337" ind1=" " ind2=" ">
    <subfield code="a">Computermedien</subfield>
    <subfield code="b">c</subfield>
    <subfield code="2">rdamedia</subfield>
  </datafield>
  <datafield tag="338" ind1=" " ind2=" ">
    <subfield code="a">Online-Ressource</subfield>
    <subfield code="b">cr</subfield>
    <subfield code="2">rdacarrier</subfield>
  </datafield>
  <datafield tag="490" ind1="1" ind2=" ">
    <subfield code="a">Beiträge zur Jahrestagung des Vereins für Socialpolitik 2014: Evidenzbasierte Wirtschaftspolitik</subfield>
    <subfield code="a">B11, Session: Industrial organization II</subfield>
    <subfield code="v">V1</subfield>
  </datafield>
  <datafield tag="490" ind1="1" ind2=" ">
    <subfield code="a">NBER working paper series</subfield>
    <subfield code="v">19209</subfield>
  </datafield>
  <datafield tag="520" ind1=" " ind2=" ">
    <subfield code="a">Communism in East Germany sought to dampen the effect of market forces on firm productivity for nearly 40 years. How did East German firms respond to the free market after being thrust into it in 1990? We use a formal learning model and German business survey data to analyze the lasting impact of this far-reaching treatment on the way firms in former East Germany predicted their own productivity relative to firms in former West Germany during the two decades since Reunification. We find in confirmation of our formal model&apos;s predictions, that Eastern firms forecast productivity less accurately, particularly in dynamic and uncertain markets, but that the gap gradually closed over 12 to 13 years. Second, by analyzing the direction of firm level errors in conjunction with contemporaneous market signals we find that, in the years immediately following Reunification, Eastern firms estimate the market&apos;s role as generally less potent than Western firm do, an observation consistent with overweighting experiences from the communist era; however, over roughly 14 years both converge to the same (incorrect) overestimate of the market&apos;s role on their productivity.</subfield>
  </datafield>
  <datafield tag="538" ind1=" " ind2=" ">
    <subfield code="a">Systemvoraussetzungen: Acrobat Reader.</subfield>
  </datafield>
  <datafield tag="650" ind1=" " ind2="7">
    <subfield code="8">1.1\x</subfield>
    <subfield code="a">Kommunismus</subfield>
    <subfield code="0">(DE-627)091371473</subfield>
    <subfield code="0">(DE-STW)11047-5</subfield>
    <subfield code="2">stw</subfield>
  </datafield>
  <datafield tag="650" ind1=" " ind2="7">
    <subfield code="8">1.2\x</subfield>
    <subfield code="a">Produktivität</subfield>
    <subfield code="0">(DE-627)091384575</subfield>
    <subfield code="0">(DE-STW)10460-2</subfield>
    <subfield code="2">stw</subfield>
  </datafield>
  <datafield tag="650" ind1=" " ind2="7">
    <subfield code="8">1.3\x</subfield>
    <subfield code="a">Nationale Einheit</subfield>
    <subfield code="0">(DE-627)091379431</subfield>
    <subfield code="0">(DE-STW)18062-2</subfield>
    <subfield code="2">stw</subfield>
  </datafield>
  <datafield tag="650" ind1=" " ind2="7">
    <subfield code="8">1.4\x</subfield>
    <subfield code="a">Vergleich</subfield>
    <subfield code="0">(DE-627)091397340</subfield>
    <subfield code="0">(DE-STW)19044-6</subfield>
    <subfield code="2">stw</subfield>
  </datafield>
  <datafield tag="650" ind1=" " ind2="7">
    <subfield code="8">1.5\x</subfield>
    <subfield code="a">Deutschland</subfield>
    <subfield code="0">(DE-627)091354749</subfield>
    <subfield code="0">(DE-STW)18012-3</subfield>
    <subfield code="2">stw</subfield>
  </datafield>
  <datafield tag="655" ind1=" " ind2="7">
    <subfield code="a">Konferenzschrift</subfield>
    <subfield code="0">(DE-588)1071861417</subfield>
    <subfield code="0">(DE-627)826484824</subfield>
    <subfield code="0">(DE-576)433375485</subfield>
    <subfield code="2">gnd-content</subfield>
  </datafield>
  <datafield tag="700" ind1="1" ind2=" ">
    <subfield code="a">Tumlinson, Justin</subfield>
    <subfield code="0">(DE-588)1179100417</subfield>
    <subfield code="0">(DE-627)1066495408</subfield>
    <subfield code="0">(DE-576)517944960</subfield>
    <subfield code="4">aut</subfield>
  </datafield>
  <datafield tag="810" ind1="2" ind2=" ">
    <subfield code="a">Verein für Socialpolitik</subfield>
    <subfield code="t">Jahrestagung des Vereins für Socialpolitik 2014</subfield>
    <subfield code="n">B11</subfield>
    <subfield code="p">Session: Industrial organization II ; V1</subfield>
    <subfield code="v">B11-V1</subfield>
    <subfield code="9">B,11,1.2014</subfield>
    <subfield code="w">(DE-627)817941444</subfield>
    <subfield code="w">(DE-576)9817941442</subfield>
  </datafield>
  <datafield tag="810" ind1="2" ind2=" ">
    <subfield code="a">National Bureau of Economic Research</subfield>
    <subfield code="t">Working papers</subfield>
    <subfield code="v">19209</subfield>
    <subfield code="9">1920901</subfield>
    <subfield code="w">(DE-627)306655969</subfield>
    <subfield code="w">(DE-576)090855825</subfield>
    <subfield code="w">(DE-600)1500086-2</subfield>
    <subfield code="x">1058-8450</subfield>
  </datafield>
  <datafield tag="856" ind1="4" ind2="0">
    <subfield code="u">http://hdl.handle.net/10419/100457</subfield>
    <subfield code="x">Resolving-System</subfield>
    <subfield code="z">Kostenfrei</subfield>
    <subfield code="3">Volltext</subfield>
  </datafield>
  <datafield tag="856" ind1="4" ind2="0">
    <subfield code="u">http://epub.sub.uni-hamburg.de/epub/volltexte/einzelplatz/2015/40452/</subfield>
    <subfield code="x">Verlag</subfield>
    <subfield code="z">Einzellizenz</subfield>
    <subfield code="3">Volltext</subfield>
  </datafield>
  <datafield tag="924" ind1="1" ind2=" ">
    <subfield code="a">1540708357</subfield>
    <subfield code="b">DE-18</subfield>
    <subfield code="9">18</subfield>
    <subfield code="c">GBV</subfield>
    <subfield code="d">d</subfield>
    <subfield code="k">http://epub.sub.uni-hamburg.de/epub/volltexte/einzelplatz/2015/40452/</subfield>
  </datafield>
  <datafield tag="924" ind1="1" ind2=" ">
    <subfield code="a">1528990587</subfield>
    <subfield code="b">DE-206</subfield>
    <subfield code="9">206</subfield>
    <subfield code="c">GBV</subfield>
    <subfield code="d">d</subfield>
    <subfield code="g">DSM 13</subfield>
    <subfield code="h">K:</subfield>
  </datafield>
  <datafield tag="951" ind1=" " ind2=" ">
    <subfield code="a">MV</subfield>
  </datafield>
</record>