
<?xml version="1.0" encoding="UTF-8"?>
<record xmlns="http://www.loc.gov/MARC21/slim">
  <leader>     cam a22        4500</leader>
  <controlfield tag="001">843525819</controlfield>
  <controlfield tag="003">DE-627</controlfield>
  <controlfield tag="005">20190310061731.0</controlfield>
  <controlfield tag="007">cr uuu---uuuuu</controlfield>
  <controlfield tag="008">151210s2013    xx |||||o     00| ||eng c</controlfield>
  <datafield tag="024" ind1="7" ind2=" ">
    <subfield code="a">10419/121938</subfield>
    <subfield code="2">hdl</subfield>
  </datafield>
  <datafield tag="035" ind1=" " ind2=" ">
    <subfield code="a">(DE-627)843525819</subfield>
  </datafield>
  <datafield tag="035" ind1=" " ind2=" ">
    <subfield code="a">(DE-576)9843525817</subfield>
  </datafield>
  <datafield tag="035" ind1=" " ind2=" ">
    <subfield code="a">(DE-599)GBV843525819</subfield>
  </datafield>
  <datafield tag="035" ind1=" " ind2=" ">
    <subfield code="a">(OCoLC)862777220</subfield>
  </datafield>
  <datafield tag="040" ind1=" " ind2=" ">
    <subfield code="a">DE-627</subfield>
    <subfield code="b">ger</subfield>
    <subfield code="c">DE-627</subfield>
    <subfield code="e">rakwb</subfield>
  </datafield>
  <datafield tag="041" ind1=" " ind2=" ">
    <subfield code="a">eng</subfield>
  </datafield>
  <datafield tag="044" ind1=" " ind2=" ">
    <subfield code="c">XD-US</subfield>
  </datafield>
  <datafield tag="082" ind1="0" ind2="4">
    <subfield code="a">330</subfield>
  </datafield>
  <datafield tag="084" ind1=" " ind2=" ">
    <subfield code="a">H02</subfield>
    <subfield code="a">H05</subfield>
    <subfield code="a">H06</subfield>
    <subfield code="2">JEL</subfield>
  </datafield>
  <datafield tag="245" ind1="1" ind2="0">
    <subfield code="a">Russia&apos;s fiscal gap</subfield>
    <subfield code="c">Eugene Goryunov; Marija Kazakova; Laurence J. Kotlikoff; Arseny Mamedov; Kristina Nesterova; Vladimir Nazarov; Elena Grishina; Pavel Trunin; Alexey Shpenev</subfield>
  </datafield>
  <datafield tag="264" ind1=" " ind2="1">
    <subfield code="a">Cambrigde, MA</subfield>
    <subfield code="b">National Bureau of Economic Research</subfield>
    <subfield code="c">2013</subfield>
  </datafield>
  <datafield tag="300" ind1=" " ind2=" ">
    <subfield code="a">Online-Ressource (45 S.)</subfield>
    <subfield code="b">graph. Darst.</subfield>
  </datafield>
  <datafield tag="336" ind1=" " ind2=" ">
    <subfield code="a">nicht spezifiziert</subfield>
    <subfield code="b">zzz</subfield>
    <subfield code="2">rdacontent</subfield>
  </datafield>
  <datafield tag="337" ind1=" " ind2=" ">
    <subfield code="a">Computermedien</subfield>
    <subfield code="b">c</subfield>
    <subfield code="2">rdamedia</subfield>
  </datafield>
  <datafield tag="338" ind1=" " ind2=" ">
    <subfield code="a">Online-Ressource</subfield>
    <subfield code="b">cr</subfield>
    <subfield code="2">rdacarrier</subfield>
  </datafield>
  <datafield tag="490" ind1="1" ind2=" ">
    <subfield code="a">NBER working paper series</subfield>
    <subfield code="v">19608</subfield>
  </datafield>
  <datafield tag="520" ind1=" " ind2=" ">
    <subfield code="a">Every country faces what economists call an intertemporal (across time) budget constraint, which requires that its government&apos;s future expenditures, including the servicing of its outstanding official debt, be covered by its government&apos;s future receipts when measured in present value. The difference between the present value of a country&apos;s future expenditures and its future receipts is called its fiscal gap. This study estimates Russia&apos;s 2013 fiscal gap at 890 trillion rubles or $28 trillion. This longterm budget shortfall is 8.4 percent of the present value of projected GDP. Consequently, eliminating Russia&apos;s fiscal gap on a smooth basis requires fiscal tightening by 8.4 percent of each future year&apos;s projected GDP. One means of doing this is to immediately and permanently raise all Russian taxes by 29 percent. Another is to immediately and permanently cut all spending, apart from servicing outstanding debt, by 22.4 percent. How can a country with vast energy resources and foreign reserves and other financial assets that exceed its official debt still have very major fiscal problems? The answer is that the Russia&apos;s energy resources are finite, whereas its expenditure needs are not. Moreover, Russia is aging and facing massive obligations from its pension system and other age related expenditures.</subfield>
  </datafield>
  <datafield tag="538" ind1=" " ind2=" ">
    <subfield code="a">Systemvoraussetzungen: PDF Reader.</subfield>
  </datafield>
  <datafield tag="700" ind1="1" ind2=" ">
    <subfield code="a">Gorjunov, Evgenij L.</subfield>
    <subfield code="0">(DE-588)1076993311</subfield>
    <subfield code="0">(DE-627)835528340</subfield>
    <subfield code="0">(DE-576)445828625</subfield>
    <subfield code="4">oth</subfield>
  </datafield>
  <datafield tag="700" ind1="1" ind2=" ">
    <subfield code="a">Kazakova, Marija</subfield>
    <subfield code="0">(DE-588)142875716</subfield>
    <subfield code="0">(DE-627)640279279</subfield>
    <subfield code="0">(DE-576)333837592</subfield>
    <subfield code="4">oth</subfield>
  </datafield>
  <datafield tag="700" ind1="1" ind2=" ">
    <subfield code="a">Kotlikoff, Laurence J.</subfield>
    <subfield code="d">1951-</subfield>
    <subfield code="0">(DE-588)128845007</subfield>
    <subfield code="0">(DE-627)382395190</subfield>
    <subfield code="0">(DE-576)163694877</subfield>
    <subfield code="4">oth</subfield>
  </datafield>
  <datafield tag="700" ind1="1" ind2=" ">
    <subfield code="a">Mamedov, Arseny</subfield>
    <subfield code="4">oth</subfield>
  </datafield>
  <datafield tag="700" ind1="1" ind2=" ">
    <subfield code="a">Nesterova, Kristina</subfield>
    <subfield code="4">oth</subfield>
  </datafield>
  <datafield tag="700" ind1="1" ind2=" ">
    <subfield code="a">Nazarov, Vladimir</subfield>
    <subfield code="4">oth</subfield>
  </datafield>
  <datafield tag="700" ind1="1" ind2=" ">
    <subfield code="a">Grišina, Elena</subfield>
    <subfield code="0">(DE-588)133852474</subfield>
    <subfield code="0">(DE-627)557143942</subfield>
    <subfield code="0">(DE-576)300148623</subfield>
    <subfield code="4">oth</subfield>
  </datafield>
  <datafield tag="700" ind1="1" ind2=" ">
    <subfield code="a">Trunin, Pavel V.</subfield>
    <subfield code="0">(DE-588)132578735</subfield>
    <subfield code="0">(DE-627)52371520X</subfield>
    <subfield code="0">(DE-576)299237672</subfield>
    <subfield code="4">oth</subfield>
  </datafield>
  <datafield tag="700" ind1="1" ind2=" ">
    <subfield code="a">Shpenev, Alexey</subfield>
    <subfield code="4">oth</subfield>
  </datafield>
  <datafield tag="776" ind1="0" ind2="8">
    <subfield code="i">Druckausg.</subfield>
    <subfield code="t">Russia&apos;s fiscal gap</subfield>
    <subfield code="d">Cambridge, Mass., 2013</subfield>
    <subfield code="h">45 S.</subfield>
    <subfield code="w">(DE-627)773873864</subfield>
  </datafield>
  <datafield tag="810" ind1="2" ind2=" ">
    <subfield code="a">National Bureau of Economic Research</subfield>
    <subfield code="t">Working papers</subfield>
    <subfield code="v">19608</subfield>
    <subfield code="9">1960800</subfield>
    <subfield code="w">(DE-627)306655969</subfield>
    <subfield code="w">(DE-576)090855825</subfield>
    <subfield code="w">(DE-600)1500086-2</subfield>
    <subfield code="x">1058-8450</subfield>
  </datafield>
  <datafield tag="856" ind1="4" ind2="0">
    <subfield code="u">http://hdl.handle.net/10419/121938</subfield>
    <subfield code="x">Resolving-System</subfield>
    <subfield code="z">Kostenfrei</subfield>
    <subfield code="3">Volltext</subfield>
  </datafield>
  <datafield tag="924" ind1="1" ind2=" ">
    <subfield code="a">1589352572</subfield>
    <subfield code="b">DE-206</subfield>
    <subfield code="9">206</subfield>
    <subfield code="c">GBV</subfield>
    <subfield code="d">d</subfield>
    <subfield code="g">DSM</subfield>
    <subfield code="h">K:</subfield>
  </datafield>
  <datafield tag="950" ind1="l" ind2=" ">
    <subfield code="a">fiscal gap</subfield>
    <subfield code="a">Russia</subfield>
    <subfield code="2">26</subfield>
  </datafield>
  <datafield tag="951" ind1=" " ind2=" ">
    <subfield code="a">BO</subfield>
  </datafield>
</record>