
<?xml version="1.0" encoding="UTF-8"?>
<record xmlns="http://www.loc.gov/MARC21/slim">
  <leader>     cam a22        4500</leader>
  <controlfield tag="001">859476081</controlfield>
  <controlfield tag="003">DE-627</controlfield>
  <controlfield tag="005">20200122025209.0</controlfield>
  <controlfield tag="007">cr uuu---uuuuu</controlfield>
  <controlfield tag="008">160518s2014    xx |||||o     00| ||eng c</controlfield>
  <datafield tag="024" ind1="7" ind2=" ">
    <subfield code="a">10.3386/w20200</subfield>
    <subfield code="2">doi</subfield>
  </datafield>
  <datafield tag="035" ind1=" " ind2=" ">
    <subfield code="a">(DE-627)859476081</subfield>
  </datafield>
  <datafield tag="035" ind1=" " ind2=" ">
    <subfield code="a">(DE-599)GBV859476081</subfield>
  </datafield>
  <datafield tag="035" ind1=" " ind2=" ">
    <subfield code="a">(OCoLC)949902942</subfield>
  </datafield>
  <datafield tag="035" ind1=" " ind2=" ">
    <subfield code="a">(NBER)w20200</subfield>
  </datafield>
  <datafield tag="040" ind1=" " ind2=" ">
    <subfield code="a">DE-627</subfield>
    <subfield code="b">ger</subfield>
    <subfield code="c">DE-627</subfield>
    <subfield code="e">rda</subfield>
  </datafield>
  <datafield tag="041" ind1=" " ind2=" ">
    <subfield code="a">eng</subfield>
  </datafield>
  <datafield tag="044" ind1=" " ind2=" ">
    <subfield code="c">XD-US</subfield>
  </datafield>
  <datafield tag="100" ind1="1" ind2=" ">
    <subfield code="a">Mendoza, Enrique G.</subfield>
    <subfield code="d">1963-</subfield>
    <subfield code="e">VerfasserIn</subfield>
    <subfield code="0">(DE-588)124510612</subfield>
    <subfield code="0">(DE-627)373000545</subfield>
    <subfield code="0">(DE-576)294206892</subfield>
    <subfield code="4">aut</subfield>
  </datafield>
  <datafield tag="245" ind1="1" ind2="0">
    <subfield code="a">Saving Europe?</subfield>
    <subfield code="b">the unpleasant arithmetic of fiscal austerity in integrated economies</subfield>
    <subfield code="c">Enrique G. Mendoza (University of Pennsylvania and NBER), Linda L. Tesar (University of Michigan and NBER) and Jing Zhang (Federal Reserve Bank of Chicago)</subfield>
  </datafield>
  <datafield tag="264" ind1=" " ind2="1">
    <subfield code="a">Ann Arbor, Michigan</subfield>
    <subfield code="b">Research Seminar in International Economics, Gerald R. Ford School of Public Policy, the University of Michigan</subfield>
    <subfield code="c">June 2014</subfield>
  </datafield>
  <datafield tag="300" ind1=" " ind2=" ">
    <subfield code="a">1 Online-Ressource (circa 63 Seiten)</subfield>
    <subfield code="b">Illustrationen</subfield>
  </datafield>
  <datafield tag="336" ind1=" " ind2=" ">
    <subfield code="a">Text</subfield>
    <subfield code="b">txt</subfield>
    <subfield code="2">rdacontent</subfield>
  </datafield>
  <datafield tag="337" ind1=" " ind2=" ">
    <subfield code="a">Computermedien</subfield>
    <subfield code="b">c</subfield>
    <subfield code="2">rdamedia</subfield>
  </datafield>
  <datafield tag="338" ind1=" " ind2=" ">
    <subfield code="a">Online-Ressource</subfield>
    <subfield code="b">cr</subfield>
    <subfield code="2">rdacarrier</subfield>
  </datafield>
  <datafield tag="490" ind1="1" ind2=" ">
    <subfield code="a">Discussion paper / Research Seminar in International Economics, Gerald R. Ford School of Public Policy, the University of Michigan</subfield>
    <subfield code="v">no. 644</subfield>
  </datafield>
  <datafield tag="490" ind1="1" ind2=" ">
    <subfield code="a">NBER working paper series</subfield>
    <subfield code="v">no. w20200</subfield>
  </datafield>
  <datafield tag="490" ind1="1" ind2=" ">
    <subfield code="a">NBER working paper series</subfield>
    <subfield code="v">20200</subfield>
  </datafield>
  <datafield tag="520" ind1=" " ind2=" ">
    <subfield code="a">What are the macroeconomic effects of tax adjustments in response to large public debt shocks in highly integrated economies? The answer from standard closed-economy models is deceptive, because they underestimate the elasticity of capital tax revenues and ignore cross-country spillovers of tax changes. Instead, we examine this issue using a two-country model that matches the observed elasticity of the capital tax base by introducing endogenous capacity utilization and a partial depreciation allowance. Tax hikes have adverse effects on macro aggregates and welfare, and trigger strong crosscountry externalities. Quantitative analysis calibrated to European data shows that unilateral capital tax increases cannot restore fiscal solvency, because the dynamic Laffer curve peaks below the required revenue increase. Unilateral labor tax hikes can do it, but have negative output and welfare effects at home and raise welfare and output abroad. Large spillovers also imply that unilateral capital tax hikes are much less costly under autarky than under free trade. Allowing for one-shot Nash tax competition, the model predicts a &quot;race to the bottom&quot; in capital taxes and higher labor taxes. The cooperative equilibrium is preferable, but capital (labor) taxes are still lower (higher) than initially. Moreover, autarky can produce higher welfare than both Nash and Cooperative equilibria.</subfield>
  </datafield>
  <datafield tag="650" ind1=" " ind2="7">
    <subfield code="8">1.1\x</subfield>
    <subfield code="a">Haushaltskonsolidierung</subfield>
    <subfield code="0">(DE-627)091365570</subfield>
    <subfield code="0">(DE-STW)11731-6</subfield>
    <subfield code="2">stw</subfield>
  </datafield>
  <datafield tag="650" ind1=" " ind2="7">
    <subfield code="8">1.2\x</subfield>
    <subfield code="a">Steuererhöhung</subfield>
    <subfield code="0">(DE-627)091392330</subfield>
    <subfield code="0">(DE-STW)21011-6</subfield>
    <subfield code="2">stw</subfield>
  </datafield>
  <datafield tag="650" ind1=" " ind2="7">
    <subfield code="8">1.3\x</subfield>
    <subfield code="a">Kapitalertragsteuer</subfield>
    <subfield code="0">(DE-627)091369959</subfield>
    <subfield code="0">(DE-STW)11663-4</subfield>
    <subfield code="2">stw</subfield>
  </datafield>
  <datafield tag="650" ind1=" " ind2="7">
    <subfield code="8">1.4\x</subfield>
    <subfield code="a">Lohnsteuer</subfield>
    <subfield code="0">(DE-627)091375576</subfield>
    <subfield code="0">(DE-STW)11669-6</subfield>
    <subfield code="2">stw</subfield>
  </datafield>
  <datafield tag="650" ind1=" " ind2="7">
    <subfield code="8">1.5\x</subfield>
    <subfield code="a">Steuerwirkung</subfield>
    <subfield code="0">(DE-627)091392659</subfield>
    <subfield code="0">(DE-STW)11696-3</subfield>
    <subfield code="2">stw</subfield>
  </datafield>
  <datafield tag="650" ind1=" " ind2="7">
    <subfield code="8">1.6\x</subfield>
    <subfield code="a">Wirkungsanalyse</subfield>
    <subfield code="0">(DE-627)09140116X</subfield>
    <subfield code="0">(DE-STW)10991-6</subfield>
    <subfield code="2">stw</subfield>
  </datafield>
  <datafield tag="650" ind1=" " ind2="7">
    <subfield code="8">1.7\x</subfield>
    <subfield code="a">Wirtschaftsintegration</subfield>
    <subfield code="0">(DE-627)09140102X</subfield>
    <subfield code="0">(DE-STW)10626-1</subfield>
    <subfield code="2">stw</subfield>
  </datafield>
  <datafield tag="650" ind1=" " ind2="7">
    <subfield code="8">1.8\x</subfield>
    <subfield code="a">Zwei-Länder-Modell</subfield>
    <subfield code="0">(DE-627)091402913</subfield>
    <subfield code="0">(DE-STW)10068-2</subfield>
    <subfield code="2">stw</subfield>
  </datafield>
  <datafield tag="650" ind1=" " ind2="7">
    <subfield code="8">1.9\x</subfield>
    <subfield code="a">Steuerwettbewerb</subfield>
    <subfield code="0">(DE-627)091392640</subfield>
    <subfield code="0">(DE-STW)19404-2</subfield>
    <subfield code="2">stw</subfield>
  </datafield>
  <datafield tag="650" ind1=" " ind2="7">
    <subfield code="8">1.10\x</subfield>
    <subfield code="a">Eurozone</subfield>
    <subfield code="0">(DE-627)091358566</subfield>
    <subfield code="0">(DE-STW)19336-0</subfield>
    <subfield code="2">stw</subfield>
  </datafield>
  <datafield tag="650" ind1=" " ind2="7">
    <subfield code="8">1.11\x</subfield>
    <subfield code="a">Schuldenkrise</subfield>
    <subfield code="0">(DE-627)742335208</subfield>
    <subfield code="0">(DE-STW)29721-5</subfield>
    <subfield code="2">stw</subfield>
  </datafield>
  <datafield tag="650" ind1=" " ind2="7">
    <subfield code="8">1.12\x</subfield>
    <subfield code="a">Theorie</subfield>
    <subfield code="0">(DE-627)091394902</subfield>
    <subfield code="0">(DE-STW)19073-6</subfield>
    <subfield code="2">stw</subfield>
  </datafield>
  <datafield tag="700" ind1="1" ind2=" ">
    <subfield code="a">Tesar, Linda L.</subfield>
    <subfield code="d">1961-</subfield>
    <subfield code="e">VerfasserIn</subfield>
    <subfield code="0">(DE-588)128450169</subfield>
    <subfield code="0">(DE-627)373001576</subfield>
    <subfield code="0">(DE-576)297152564</subfield>
    <subfield code="4">aut</subfield>
  </datafield>
  <datafield tag="700" ind1="1" ind2=" ">
    <subfield code="a">Zhang, Jing</subfield>
    <subfield code="e">VerfasserIn</subfield>
    <subfield code="0">(DE-588)132364727</subfield>
    <subfield code="0">(DE-627)520837762</subfield>
    <subfield code="0">(DE-576)302566732</subfield>
    <subfield code="4">aut</subfield>
  </datafield>
  <datafield tag="810" ind1="2" ind2=" ">
    <subfield code="a">Research Seminar in International Economics</subfield>
    <subfield code="t">Discussion papers</subfield>
    <subfield code="v">no. 644</subfield>
    <subfield code="9">644</subfield>
    <subfield code="w">(DE-627)488011493</subfield>
    <subfield code="w">(DE-576)281277079</subfield>
    <subfield code="w">(DE-600)2189064-X</subfield>
  </datafield>
  <datafield tag="810" ind1="2" ind2=" ">
    <subfield code="a">National Bureau of Economic Research</subfield>
    <subfield code="t">Working papers</subfield>
    <subfield code="v">20200</subfield>
    <subfield code="9">2020000</subfield>
    <subfield code="w">(DE-627)306655969</subfield>
    <subfield code="w">(DE-576)090855825</subfield>
    <subfield code="w">(DE-600)1500086-2</subfield>
    <subfield code="x">1058-8450</subfield>
  </datafield>
  <datafield tag="856" ind1="4" ind2="0">
    <subfield code="u">http://fordschool.umich.edu/rsie/workingpapers/Papers626-650/r644.pdf</subfield>
    <subfield code="x">Verlag</subfield>
    <subfield code="3">Volltext</subfield>
  </datafield>
  <datafield tag="856" ind1="4" ind2="0">
    <subfield code="u">http://www.nber.org/papers/w20200</subfield>
    <subfield code="x">Verlag</subfield>
    <subfield code="3">Volltext</subfield>
  </datafield>
  <datafield tag="856" ind1="4" ind2="0">
    <subfield code="u">http://www.nber.org/papers/w20200</subfield>
    <subfield code="x">Verlag</subfield>
    <subfield code="3">Volltext</subfield>
  </datafield>
  <datafield tag="856" ind1="4" ind2="0">
    <subfield code="u">http://dx.doi.org/10.3386/w20200</subfield>
    <subfield code="x">Verlag</subfield>
    <subfield code="3">Volltext</subfield>
  </datafield>
  <datafield tag="912" ind1=" " ind2=" ">
    <subfield code="a">ZDB-194-NBW</subfield>
  </datafield>
  <datafield tag="924" ind1="1" ind2=" ">
    <subfield code="a">1616114819</subfield>
    <subfield code="b">DE-206</subfield>
    <subfield code="9">206</subfield>
    <subfield code="c">GBV</subfield>
    <subfield code="d">d</subfield>
    <subfield code="g">Keine Speicherung</subfield>
    <subfield code="h">K:</subfield>
  </datafield>
  <datafield tag="924" ind1="1" ind2=" ">
    <subfield code="a">1640211764</subfield>
    <subfield code="b">DE-7</subfield>
    <subfield code="9">7</subfield>
    <subfield code="c">GBV</subfield>
    <subfield code="d">d</subfield>
  </datafield>
  <datafield tag="924" ind1="1" ind2=" ">
    <subfield code="a">3494063974</subfield>
    <subfield code="b">DE-705</subfield>
    <subfield code="9">705</subfield>
    <subfield code="c">GBV</subfield>
    <subfield code="d">d</subfield>
    <subfield code="k">http://dx.doi.org/10.3386/w20200</subfield>
  </datafield>
  <datafield tag="924" ind1="1" ind2=" ">
    <subfield code="a">3520631105</subfield>
    <subfield code="b">DE-89</subfield>
    <subfield code="9">89</subfield>
    <subfield code="c">GBV</subfield>
    <subfield code="d">d</subfield>
    <subfield code="k">http://dx.doi.org/10.3386/w20200</subfield>
  </datafield>
  <datafield tag="951" ind1=" " ind2=" ">
    <subfield code="a">BO</subfield>
  </datafield>
</record>