
<?xml version="1.0" encoding="UTF-8"?>
<record xmlns="http://www.loc.gov/MARC21/slim">
  <leader>     cam a22        4500</leader>
  <controlfield tag="001">797629807</controlfield>
  <controlfield tag="003">DE-627</controlfield>
  <controlfield tag="005">20180901211353.0</controlfield>
  <controlfield tag="007">cr uuu---uuuuu</controlfield>
  <controlfield tag="008">140929s2014    xx |||||o     00| ||eng c</controlfield>
  <datafield tag="035" ind1=" " ind2=" ">
    <subfield code="a">(DE-627)797629807</subfield>
  </datafield>
  <datafield tag="035" ind1=" " ind2=" ">
    <subfield code="a">(DE-599)GBV797629807</subfield>
  </datafield>
  <datafield tag="035" ind1=" " ind2=" ">
    <subfield code="a">(OCoLC)931684969</subfield>
  </datafield>
  <datafield tag="040" ind1=" " ind2=" ">
    <subfield code="a">DE-627</subfield>
    <subfield code="b">ger</subfield>
    <subfield code="c">DE-627</subfield>
    <subfield code="e">rakwb</subfield>
  </datafield>
  <datafield tag="041" ind1=" " ind2=" ">
    <subfield code="a">eng</subfield>
  </datafield>
  <datafield tag="044" ind1=" " ind2=" ">
    <subfield code="c">XD-US</subfield>
  </datafield>
  <datafield tag="245" ind1="1" ind2="2">
    <subfield code="a">A model of the Twin Ds</subfield>
    <subfield code="b">optimal default and devaluation</subfield>
    <subfield code="c">Seunghoon Na; Stephanie Schmitt-Grohé; Martin Uribe; Vivian Z. Yue</subfield>
  </datafield>
  <datafield tag="264" ind1=" " ind2="1">
    <subfield code="a">Atlanta, Ga.</subfield>
    <subfield code="b">Emory Univ., Dep. of Economics</subfield>
    <subfield code="c">2014</subfield>
  </datafield>
  <datafield tag="300" ind1=" " ind2=" ">
    <subfield code="a">Online-Ressource (43 S.)</subfield>
    <subfield code="b">graph. Darst.</subfield>
  </datafield>
  <datafield tag="336" ind1=" " ind2=" ">
    <subfield code="a">nicht spezifiziert</subfield>
    <subfield code="b">zzz</subfield>
    <subfield code="2">rdacontent</subfield>
  </datafield>
  <datafield tag="337" ind1=" " ind2=" ">
    <subfield code="a">Computermedien</subfield>
    <subfield code="b">c</subfield>
    <subfield code="2">rdamedia</subfield>
  </datafield>
  <datafield tag="338" ind1=" " ind2=" ">
    <subfield code="a">Online-Ressource</subfield>
    <subfield code="b">cr</subfield>
    <subfield code="2">rdacarrier</subfield>
  </datafield>
  <datafield tag="490" ind1="1" ind2=" ">
    <subfield code="a">Working papers / Emory University, Department of Economics</subfield>
    <subfield code="v">14,04</subfield>
  </datafield>
  <datafield tag="490" ind1="1" ind2=" ">
    <subfield code="a">NBER working paper series</subfield>
    <subfield code="v">20314</subfield>
  </datafield>
  <datafield tag="538" ind1=" " ind2=" ">
    <subfield code="a">Systemvoraussetzungen: Acrobat Reader.</subfield>
  </datafield>
  <datafield tag="650" ind1=" " ind2="7">
    <subfield code="8">1.1\x</subfield>
    <subfield code="a">Internationale Staatsschulden</subfield>
    <subfield code="0">(DE-627)091348986</subfield>
    <subfield code="0">(DE-STW)10797-2</subfield>
    <subfield code="2">stw</subfield>
  </datafield>
  <datafield tag="650" ind1=" " ind2="7">
    <subfield code="8">1.2\x</subfield>
    <subfield code="a">Staatsbankrott</subfield>
    <subfield code="0">(DE-627)091391296</subfield>
    <subfield code="0">(DE-STW)19379-3</subfield>
    <subfield code="2">stw</subfield>
  </datafield>
  <datafield tag="650" ind1=" " ind2="7">
    <subfield code="8">1.3\x</subfield>
    <subfield code="a">Abwertung</subfield>
    <subfield code="0">(DE-627)091345707</subfield>
    <subfield code="0">(DE-STW)10717-5</subfield>
    <subfield code="2">stw</subfield>
  </datafield>
  <datafield tag="650" ind1=" " ind2="7">
    <subfield code="8">1.4\x</subfield>
    <subfield code="a">Wechselkurspolitik</subfield>
    <subfield code="0">(DE-627)091399785</subfield>
    <subfield code="0">(DE-STW)10722-5</subfield>
    <subfield code="2">stw</subfield>
  </datafield>
  <datafield tag="650" ind1=" " ind2="7">
    <subfield code="8">1.5\x</subfield>
    <subfield code="a">Kapitalverkehrskontrolle</subfield>
    <subfield code="0">(DE-627)091370132</subfield>
    <subfield code="0">(DE-STW)10725-6</subfield>
    <subfield code="2">stw</subfield>
  </datafield>
  <datafield tag="650" ind1=" " ind2="7">
    <subfield code="8">1.6\x</subfield>
    <subfield code="a">Kleine offene Volkswirtschaft</subfield>
    <subfield code="0">(DE-627)091370795</subfield>
    <subfield code="0">(DE-STW)10043-4</subfield>
    <subfield code="2">stw</subfield>
  </datafield>
  <datafield tag="650" ind1=" " ind2="7">
    <subfield code="8">1.7\x</subfield>
    <subfield code="a">Lohnrigidität</subfield>
    <subfield code="0">(DE-627)09137555X</subfield>
    <subfield code="0">(DE-STW)11335-0</subfield>
    <subfield code="2">stw</subfield>
  </datafield>
  <datafield tag="650" ind1=" " ind2="7">
    <subfield code="8">1.8\x</subfield>
    <subfield code="a">Theorie</subfield>
    <subfield code="0">(DE-627)091394902</subfield>
    <subfield code="0">(DE-STW)19073-6</subfield>
    <subfield code="2">stw</subfield>
  </datafield>
  <datafield tag="700" ind1="1" ind2=" ">
    <subfield code="a">Na, Seunghoon</subfield>
    <subfield code="0">(DE-588)1056924489</subfield>
    <subfield code="0">(DE-627)794242596</subfield>
    <subfield code="0">(DE-576)41291641X</subfield>
    <subfield code="4">oth</subfield>
  </datafield>
  <datafield tag="700" ind1="1" ind2=" ">
    <subfield code="a">Schmitt-Grohé, Stephanie</subfield>
    <subfield code="0">(DE-588)124415644</subfield>
    <subfield code="0">(DE-627)518670848</subfield>
    <subfield code="0">(DE-576)184351340</subfield>
    <subfield code="4">oth</subfield>
  </datafield>
  <datafield tag="700" ind1="1" ind2=" ">
    <subfield code="a">Uribe, Martín</subfield>
    <subfield code="0">(DE-588)129355496</subfield>
    <subfield code="0">(DE-627)393380491</subfield>
    <subfield code="0">(DE-576)29761651X</subfield>
    <subfield code="4">oth</subfield>
  </datafield>
  <datafield tag="700" ind1="1" ind2=" ">
    <subfield code="a">Yue, Vivian Z.</subfield>
    <subfield code="0">(DE-588)128976047</subfield>
    <subfield code="0">(DE-627)386695482</subfield>
    <subfield code="0">(DE-576)297426133</subfield>
    <subfield code="4">oth</subfield>
  </datafield>
  <datafield tag="810" ind1="2" ind2=" ">
    <subfield code="a">Emory University</subfield>
    <subfield code="b">Department of Economics</subfield>
    <subfield code="t">Working paper series</subfield>
    <subfield code="v">14,04</subfield>
    <subfield code="9">20140400</subfield>
    <subfield code="w">(DE-627)393484939</subfield>
    <subfield code="w">(DE-576)281257515</subfield>
    <subfield code="w">(DE-600)2159778-9</subfield>
  </datafield>
  <datafield tag="810" ind1="2" ind2=" ">
    <subfield code="a">National Bureau of Economic Research</subfield>
    <subfield code="t">Working papers</subfield>
    <subfield code="v">20314</subfield>
    <subfield code="9">2031400</subfield>
    <subfield code="w">(DE-627)306655969</subfield>
    <subfield code="w">(DE-576)090855825</subfield>
    <subfield code="w">(DE-600)1500086-2</subfield>
    <subfield code="x">1058-8450</subfield>
  </datafield>
  <datafield tag="856" ind1="4" ind2="0">
    <subfield code="u">http://economics.emory.edu/home/assets/workingpapers/yue_14_04_paper.pdf</subfield>
    <subfield code="x">Verlag</subfield>
    <subfield code="3">Volltext</subfield>
  </datafield>
  <datafield tag="924" ind1="1" ind2=" ">
    <subfield code="a">1503837602</subfield>
    <subfield code="b">DE-206</subfield>
    <subfield code="9">206</subfield>
    <subfield code="c">GBV</subfield>
    <subfield code="d">d</subfield>
  </datafield>
  <datafield tag="951" ind1=" " ind2=" ">
    <subfield code="a">BO</subfield>
  </datafield>
</record>