
<?xml version="1.0" encoding="UTF-8"?>
<record xmlns="http://www.loc.gov/MARC21/slim">
  <leader>     cam a22        4500</leader>
  <controlfield tag="001">843522399</controlfield>
  <controlfield tag="003">DE-627</controlfield>
  <controlfield tag="005">20200225201056.0</controlfield>
  <controlfield tag="007">cr uuu---uuuuu</controlfield>
  <controlfield tag="008">151210s2015    xx |||||o     00| ||eng c</controlfield>
  <datafield tag="024" ind1="7" ind2=" ">
    <subfield code="a">10419/121939</subfield>
    <subfield code="2">hdl</subfield>
  </datafield>
  <datafield tag="035" ind1=" " ind2=" ">
    <subfield code="a">(DE-627)843522399</subfield>
  </datafield>
  <datafield tag="035" ind1=" " ind2=" ">
    <subfield code="a">(DE-576)9843522397</subfield>
  </datafield>
  <datafield tag="035" ind1=" " ind2=" ">
    <subfield code="a">(DE-599)GBV843522399</subfield>
  </datafield>
  <datafield tag="035" ind1=" " ind2=" ">
    <subfield code="a">(OCoLC)931988741</subfield>
  </datafield>
  <datafield tag="040" ind1=" " ind2=" ">
    <subfield code="a">DE-627</subfield>
    <subfield code="b">ger</subfield>
    <subfield code="c">DE-627</subfield>
    <subfield code="e">rakwb</subfield>
  </datafield>
  <datafield tag="041" ind1=" " ind2=" ">
    <subfield code="a">eng</subfield>
  </datafield>
  <datafield tag="044" ind1=" " ind2=" ">
    <subfield code="c">XD-US</subfield>
  </datafield>
  <datafield tag="082" ind1="0" ind2="4">
    <subfield code="a">330</subfield>
  </datafield>
  <datafield tag="084" ind1=" " ind2=" ">
    <subfield code="a">F00</subfield>
    <subfield code="a">F20</subfield>
    <subfield code="a">H00</subfield>
    <subfield code="a">H02</subfield>
    <subfield code="a">H03</subfield>
    <subfield code="a">J20</subfield>
    <subfield code="2">JEL</subfield>
  </datafield>
  <datafield tag="245" ind1="1" ind2="0">
    <subfield code="a">Simulating Russia&apos;s and other large economies&apos; challenging and interconnected transitions</subfield>
    <subfield code="c">Seth G. Benzell; Eugene Goryunov; Marija Kazakova; Laurence J. Kotlikoff; Guillermo LaGarda; Kristina Nesterova; Andrey Zubarev</subfield>
  </datafield>
  <datafield tag="250" ind1=" " ind2=" ">
    <subfield code="a">June 2015, Revised September 2015</subfield>
  </datafield>
  <datafield tag="264" ind1=" " ind2="1">
    <subfield code="a">Cambridge MA</subfield>
    <subfield code="b">National Bureau of Economic Research</subfield>
    <subfield code="c">2015</subfield>
  </datafield>
  <datafield tag="300" ind1=" " ind2=" ">
    <subfield code="a">Online-Ressource (51 S.)</subfield>
  </datafield>
  <datafield tag="336" ind1=" " ind2=" ">
    <subfield code="a">nicht spezifiziert</subfield>
    <subfield code="b">zzz</subfield>
    <subfield code="2">rdacontent</subfield>
  </datafield>
  <datafield tag="337" ind1=" " ind2=" ">
    <subfield code="a">Computermedien</subfield>
    <subfield code="b">c</subfield>
    <subfield code="2">rdamedia</subfield>
  </datafield>
  <datafield tag="338" ind1=" " ind2=" ">
    <subfield code="a">Online-Ressource</subfield>
    <subfield code="b">cr</subfield>
    <subfield code="2">rdacarrier</subfield>
  </datafield>
  <datafield tag="490" ind1="1" ind2=" ">
    <subfield code="a">NBER working paper series</subfield>
    <subfield code="v">21269</subfield>
  </datafield>
  <datafield tag="520" ind1=" " ind2=" ">
    <subfield code="a">This paper develops a large-scale, dynamic life-cycle model to simulate Russia&apos;s demographic and fiscal transition under favorable and unfavorable fossil-fuel price regimes. The model includes Russia, the U.S., China, India, the EU, and Japan+ (Japan plus Korea). The model predicts dramatic increases in tax rates in the U.S., EU, India, and Russia. Indeed, the increases are so large as to question their political feasibility let alone their actual collection given the potential for tax avoidance and tax evasion.</subfield>
  </datafield>
  <datafield tag="538" ind1=" " ind2=" ">
    <subfield code="a">Systemvoraussetzungen: PDF Reader.</subfield>
  </datafield>
  <datafield tag="700" ind1="1" ind2=" ">
    <subfield code="a">Benzell, Seth G.</subfield>
    <subfield code="4">oth</subfield>
  </datafield>
  <datafield tag="700" ind1="1" ind2=" ">
    <subfield code="a">Gorjunov, Evgenij L.</subfield>
    <subfield code="0">(DE-588)1076993311</subfield>
    <subfield code="0">(DE-627)835528340</subfield>
    <subfield code="0">(DE-576)445828625</subfield>
    <subfield code="4">oth</subfield>
  </datafield>
  <datafield tag="700" ind1="1" ind2=" ">
    <subfield code="a">Kazakova, Marija</subfield>
    <subfield code="0">(DE-588)142875716</subfield>
    <subfield code="0">(DE-627)640279279</subfield>
    <subfield code="0">(DE-576)333837592</subfield>
    <subfield code="4">oth</subfield>
  </datafield>
  <datafield tag="700" ind1="1" ind2=" ">
    <subfield code="a">Kotlikoff, Laurence J.</subfield>
    <subfield code="d">1951-</subfield>
    <subfield code="0">(DE-588)128845007</subfield>
    <subfield code="0">(DE-627)382395190</subfield>
    <subfield code="0">(DE-576)163694877</subfield>
    <subfield code="4">oth</subfield>
  </datafield>
  <datafield tag="700" ind1="1" ind2=" ">
    <subfield code="a">LaGarda, Guillermo</subfield>
    <subfield code="0">(DE-588)1079997091</subfield>
    <subfield code="0">(DE-627)843525657</subfield>
    <subfield code="0">(DE-576)45325179X</subfield>
    <subfield code="4">oth</subfield>
  </datafield>
  <datafield tag="700" ind1="1" ind2=" ">
    <subfield code="a">Nesterova, Kristina</subfield>
    <subfield code="4">oth</subfield>
  </datafield>
  <datafield tag="700" ind1="1" ind2=" ">
    <subfield code="a">Zubarev, Andrej</subfield>
    <subfield code="0">(DE-588)103053618X</subfield>
    <subfield code="0">(DE-627)735450870</subfield>
    <subfield code="0">(DE-576)378385488</subfield>
    <subfield code="4">oth</subfield>
  </datafield>
  <datafield tag="776" ind1="0" ind2="8">
    <subfield code="i">Druckausg.</subfield>
    <subfield code="t">Simulating Russia&apos;s challenging transition</subfield>
    <subfield code="d">Cambridge, Mass., 2015</subfield>
    <subfield code="h">50 S.</subfield>
    <subfield code="w">(DE-627)832540765</subfield>
  </datafield>
  <datafield tag="780" ind1="0" ind2="0">
    <subfield code="i">Früher u.d.T.</subfield>
    <subfield code="a">Simulating Russia&apos;s challenging transition</subfield>
  </datafield>
  <datafield tag="810" ind1="2" ind2=" ">
    <subfield code="a">National Bureau of Economic Research</subfield>
    <subfield code="t">Working papers</subfield>
    <subfield code="v">21269</subfield>
    <subfield code="9">2126900</subfield>
    <subfield code="w">(DE-627)306655969</subfield>
    <subfield code="w">(DE-576)090855825</subfield>
    <subfield code="w">(DE-600)1500086-2</subfield>
    <subfield code="x">1058-8450</subfield>
  </datafield>
  <datafield tag="856" ind1="4" ind2="0">
    <subfield code="u">http://hdl.handle.net/10419/121939</subfield>
    <subfield code="x">Resolving-System</subfield>
    <subfield code="z">Kostenfrei</subfield>
    <subfield code="3">Volltext</subfield>
  </datafield>
  <datafield tag="924" ind1="1" ind2=" ">
    <subfield code="a">1589345576</subfield>
    <subfield code="b">DE-206</subfield>
    <subfield code="9">206</subfield>
    <subfield code="c">GBV</subfield>
    <subfield code="d">d</subfield>
    <subfield code="g">DSM</subfield>
    <subfield code="h">K:</subfield>
  </datafield>
  <datafield tag="950" ind1="l" ind2=" ">
    <subfield code="a">economy</subfield>
    <subfield code="a">transitions</subfield>
    <subfield code="2">26</subfield>
  </datafield>
  <datafield tag="951" ind1=" " ind2=" ">
    <subfield code="a">BO</subfield>
  </datafield>
</record>