
<?xml version="1.0" encoding="UTF-8"?>
<record xmlns="http://www.loc.gov/MARC21/slim">
  <leader>     cam a22        4500</leader>
  <controlfield tag="001">869007203</controlfield>
  <controlfield tag="003">DE-627</controlfield>
  <controlfield tag="005">20200122033721.0</controlfield>
  <controlfield tag="007">cr uuu---uuuuu</controlfield>
  <controlfield tag="008">160927s2016    xx |||||o     00| ||eng c</controlfield>
  <datafield tag="024" ind1="7" ind2=" ">
    <subfield code="a">10.3386/w21688</subfield>
    <subfield code="2">doi</subfield>
  </datafield>
  <datafield tag="035" ind1=" " ind2=" ">
    <subfield code="a">(DE-627)869007203</subfield>
  </datafield>
  <datafield tag="035" ind1=" " ind2=" ">
    <subfield code="a">(DE-599)GBV869007203</subfield>
  </datafield>
  <datafield tag="035" ind1=" " ind2=" ">
    <subfield code="a">(OCoLC)959263724</subfield>
  </datafield>
  <datafield tag="035" ind1=" " ind2=" ">
    <subfield code="a">(NBER)w21688</subfield>
  </datafield>
  <datafield tag="040" ind1=" " ind2=" ">
    <subfield code="a">DE-627</subfield>
    <subfield code="b">ger</subfield>
    <subfield code="c">DE-627</subfield>
    <subfield code="e">rda</subfield>
  </datafield>
  <datafield tag="041" ind1=" " ind2=" ">
    <subfield code="a">eng</subfield>
  </datafield>
  <datafield tag="044" ind1=" " ind2=" ">
    <subfield code="c">XD-US</subfield>
  </datafield>
  <datafield tag="100" ind1="1" ind2=" ">
    <subfield code="a">House, Christopher L.</subfield>
    <subfield code="e">VerfasserIn</subfield>
    <subfield code="0">(DE-588)129355453</subfield>
    <subfield code="0">(DE-627)393981886</subfield>
    <subfield code="0">(DE-576)297616498</subfield>
    <subfield code="4">aut</subfield>
  </datafield>
  <datafield tag="245" ind1="1" ind2="0">
    <subfield code="a">Greek budget realities</subfield>
    <subfield code="b">no easy options</subfield>
    <subfield code="c">Christopher L. House (University of Michigan and NBER), Linda L. Tesar (University of Michigan and NBER)</subfield>
  </datafield>
  <datafield tag="264" ind1=" " ind2="1">
    <subfield code="a">Ann Arbor, Michigan</subfield>
    <subfield code="b">Research Seminar in International Economics, Gerald R. Ford School of Public Policy, the University of Michigan</subfield>
    <subfield code="c">October, 2015</subfield>
  </datafield>
  <datafield tag="300" ind1=" " ind2=" ">
    <subfield code="a">1 Online-Ressource (circa 17 Seiten)</subfield>
    <subfield code="b">Illustrationen</subfield>
  </datafield>
  <datafield tag="336" ind1=" " ind2=" ">
    <subfield code="a">Text</subfield>
    <subfield code="b">txt</subfield>
    <subfield code="2">rdacontent</subfield>
  </datafield>
  <datafield tag="337" ind1=" " ind2=" ">
    <subfield code="a">Computermedien</subfield>
    <subfield code="b">c</subfield>
    <subfield code="2">rdamedia</subfield>
  </datafield>
  <datafield tag="338" ind1=" " ind2=" ">
    <subfield code="a">Online-Ressource</subfield>
    <subfield code="b">cr</subfield>
    <subfield code="2">rdacarrier</subfield>
  </datafield>
  <datafield tag="490" ind1="1" ind2=" ">
    <subfield code="a">Discussion paper / Research Seminar in International Economics, Gerald R. Ford School of Public Policy, the University of Michigan</subfield>
    <subfield code="v">no. 652</subfield>
  </datafield>
  <datafield tag="490" ind1="1" ind2=" ">
    <subfield code="a">NBER working paper series</subfield>
    <subfield code="v">21688</subfield>
  </datafield>
  <datafield tag="520" ind1=" " ind2=" ">
    <subfield code="a">As of August 2015, Greece&apos;s loan repayments due to external creditors through 2057 summed to €319.5 billion, requiring an average debt payment on a flow basis of 4.1 percent of 2014 Greek GDP. This paper examines the economic impact of increases in distortionary taxes on consumption, capital and labor income as well as reductions in government expenditures sufficient to increase Greece&apos;s primary balance by one percent of 2014 GDP - roughly a quarter of Greece&apos;s total debt obligations. In the baseline case calibrated to the Greek economy, all of the tax and expenditure policies we consider produce declines in output in both the short- and long-run. Projections of the primary surplus based on static revenue scoring grossly overestimate the amount of actual revenue that Greece would raise due to the endogenous adjustment of capital and labor. Meeting the debt repayment schedule is substantially more costly because Greece is a small economy that is integrated with the larger European economy. Failure to incorporate the impact of capital and labor mobility results in a significant overestimate of future revenue. Delaying the implementation of tax increases or government expenditure cuts can help mitigate the short-run fall in output, but such delays require greater economic hardship in the long run</subfield>
  </datafield>
  <datafield tag="700" ind1="1" ind2=" ">
    <subfield code="a">Tesar, Linda L.</subfield>
    <subfield code="d">1961-</subfield>
    <subfield code="e">VerfasserIn</subfield>
    <subfield code="0">(DE-588)128450169</subfield>
    <subfield code="0">(DE-627)373001576</subfield>
    <subfield code="0">(DE-576)297152564</subfield>
    <subfield code="4">aut</subfield>
  </datafield>
  <datafield tag="810" ind1="2" ind2=" ">
    <subfield code="a">Research Seminar in International Economics</subfield>
    <subfield code="t">Discussion papers</subfield>
    <subfield code="v">no. 652</subfield>
    <subfield code="9">652</subfield>
    <subfield code="w">(DE-627)488011493</subfield>
    <subfield code="w">(DE-576)281277079</subfield>
    <subfield code="w">(DE-600)2189064-X</subfield>
  </datafield>
  <datafield tag="810" ind1="2" ind2=" ">
    <subfield code="a">National Bureau of Economic Research</subfield>
    <subfield code="t">Working papers</subfield>
    <subfield code="v">21688</subfield>
    <subfield code="9">2168800</subfield>
    <subfield code="w">(DE-627)306655969</subfield>
    <subfield code="w">(DE-576)090855825</subfield>
    <subfield code="w">(DE-600)1500086-2</subfield>
    <subfield code="x">1058-8450</subfield>
  </datafield>
  <datafield tag="856" ind1="4" ind2="0">
    <subfield code="u">http://fordschool.umich.edu/rsie/workingpapers/Papers651-675/r652.pdf</subfield>
    <subfield code="x">Verlag</subfield>
    <subfield code="3">Volltext</subfield>
  </datafield>
  <datafield tag="856" ind1="4" ind2="0">
    <subfield code="u">http://www.nber.org/papers/w21688</subfield>
    <subfield code="x">Verlag</subfield>
    <subfield code="3">Volltext</subfield>
  </datafield>
  <datafield tag="856" ind1="4" ind2="0">
    <subfield code="u">http://dx.doi.org/10.3386/w21688</subfield>
    <subfield code="x">Verlag</subfield>
    <subfield code="3">Volltext</subfield>
  </datafield>
  <datafield tag="912" ind1=" " ind2=" ">
    <subfield code="a">ZDB-194-NBW</subfield>
  </datafield>
  <datafield tag="924" ind1="1" ind2=" ">
    <subfield code="a">1638179174</subfield>
    <subfield code="b">DE-206</subfield>
    <subfield code="9">206</subfield>
    <subfield code="c">GBV</subfield>
    <subfield code="d">d</subfield>
    <subfield code="g">Keine Speicherung</subfield>
    <subfield code="h">K:</subfield>
  </datafield>
  <datafield tag="924" ind1="1" ind2=" ">
    <subfield code="a">1640211993</subfield>
    <subfield code="b">DE-7</subfield>
    <subfield code="9">7</subfield>
    <subfield code="c">GBV</subfield>
    <subfield code="d">d</subfield>
  </datafield>
  <datafield tag="924" ind1="1" ind2=" ">
    <subfield code="a">3494064024</subfield>
    <subfield code="b">DE-705</subfield>
    <subfield code="9">705</subfield>
    <subfield code="c">GBV</subfield>
    <subfield code="d">d</subfield>
    <subfield code="k">http://dx.doi.org/10.3386/w21688</subfield>
  </datafield>
  <datafield tag="924" ind1="1" ind2=" ">
    <subfield code="a">3520631156</subfield>
    <subfield code="b">DE-89</subfield>
    <subfield code="9">89</subfield>
    <subfield code="c">GBV</subfield>
    <subfield code="d">d</subfield>
    <subfield code="k">http://dx.doi.org/10.3386/w21688</subfield>
  </datafield>
  <datafield tag="951" ind1=" " ind2=" ">
    <subfield code="a">BO</subfield>
  </datafield>
</record>