
<?xml version="1.0" encoding="UTF-8"?>
<record xmlns="http://www.loc.gov/MARC21/slim">
  <leader>     cam a22        4500</leader>
  <controlfield tag="001">876216181</controlfield>
  <controlfield tag="003">DE-627</controlfield>
  <controlfield tag="005">20200122041516.0</controlfield>
  <controlfield tag="007">cr uuu---uuuuu</controlfield>
  <controlfield tag="008">170106s2016    xx |||||o     00| ||eng c</controlfield>
  <datafield tag="024" ind1="7" ind2=" ">
    <subfield code="a">10.3386/w22511</subfield>
    <subfield code="2">doi</subfield>
  </datafield>
  <datafield tag="035" ind1=" " ind2=" ">
    <subfield code="a">(DE-627)876216181</subfield>
  </datafield>
  <datafield tag="035" ind1=" " ind2=" ">
    <subfield code="a">(DE-599)GBV876216181</subfield>
  </datafield>
  <datafield tag="035" ind1=" " ind2=" ">
    <subfield code="a">(NBER)w22511</subfield>
  </datafield>
  <datafield tag="040" ind1=" " ind2=" ">
    <subfield code="a">DE-627</subfield>
    <subfield code="b">ger</subfield>
    <subfield code="c">DE-627</subfield>
    <subfield code="e">rda</subfield>
  </datafield>
  <datafield tag="041" ind1=" " ind2=" ">
    <subfield code="a">eng</subfield>
  </datafield>
  <datafield tag="044" ind1=" " ind2=" ">
    <subfield code="c">XD-US</subfield>
  </datafield>
  <datafield tag="100" ind1="1" ind2=" ">
    <subfield code="a">Dobbie, Will</subfield>
    <subfield code="e">VerfasserIn</subfield>
    <subfield code="0">(DE-588)1101593369</subfield>
    <subfield code="0">(DE-627)859778622</subfield>
    <subfield code="0">(DE-576)46996507X</subfield>
    <subfield code="4">aut</subfield>
  </datafield>
  <datafield tag="245" ind1="1" ind2="4">
    <subfield code="a">The effects of pre-trial detention on conviction, future crime, and employment</subfield>
    <subfield code="b">evidence from randomly assigned judges</subfield>
    <subfield code="c">Will Dobbie, Jacob Goldin, Crystal S. Yang</subfield>
  </datafield>
  <datafield tag="264" ind1=" " ind2="1">
    <subfield code="a">Cambridge, MA</subfield>
    <subfield code="b">Harvard Law School</subfield>
    <subfield code="c">08/2016</subfield>
  </datafield>
  <datafield tag="300" ind1=" " ind2=" ">
    <subfield code="a">1 Online-Ressource (circa 59 Seiten)</subfield>
    <subfield code="b">Illustrationen</subfield>
  </datafield>
  <datafield tag="336" ind1=" " ind2=" ">
    <subfield code="a">Text</subfield>
    <subfield code="b">txt</subfield>
    <subfield code="2">rdacontent</subfield>
  </datafield>
  <datafield tag="337" ind1=" " ind2=" ">
    <subfield code="a">Computermedien</subfield>
    <subfield code="b">c</subfield>
    <subfield code="2">rdamedia</subfield>
  </datafield>
  <datafield tag="338" ind1=" " ind2=" ">
    <subfield code="a">Online-Ressource</subfield>
    <subfield code="b">cr</subfield>
    <subfield code="2">rdacarrier</subfield>
  </datafield>
  <datafield tag="490" ind1="1" ind2=" ">
    <subfield code="a">Discussion paper / Harvard John M. Olin Center for Law, Economics, and Business</subfield>
    <subfield code="v">no. 871</subfield>
  </datafield>
  <datafield tag="490" ind1="1" ind2=" ">
    <subfield code="a">NBER working paper series</subfield>
    <subfield code="v">no. w22511</subfield>
  </datafield>
  <datafield tag="490" ind1="1" ind2=" ">
    <subfield code="a">NBER working paper</subfield>
    <subfield code="v">no. 22511</subfield>
  </datafield>
  <datafield tag="520" ind1=" " ind2=" ">
    <subfield code="a">Over 20 percent of prison and jail inmates in the United States are currently awaiting trial, but little is known about the impact of pre-trial detention on defendants. This paper uses the detention tendencies of quasi-randomly assigned bail judges to estimate the causal effects of pre-trial detention on subsequent defendant outcomes.  Using data from administrative court and tax records, we find that being detained before trial significantly increases the probability of a conviction, primarily through an increase in guilty pleas. Pre-trial detention has no detectable effect on future crime, but decreases pre-trial crime and failures to appear in court. We also find suggestive evidence that pre-trial detention decreases formal sector employment and the receipt of employment- and tax-related government benefits. We argue that these results are consistent with (i) pre-trial detention weakening defendants&apos; bargaining position during plea negotiations, and (ii) a criminal conviction lowering defendants&apos; prospects in the formal labor market</subfield>
  </datafield>
  <datafield tag="650" ind1=" " ind2="7">
    <subfield code="8">1.1\x</subfield>
    <subfield code="a">Strafverfahren</subfield>
    <subfield code="0">(DE-627)09139287X</subfield>
    <subfield code="0">(DE-STW)19816-0</subfield>
    <subfield code="2">stw</subfield>
  </datafield>
  <datafield tag="650" ind1=" " ind2="7">
    <subfield code="8">1.2\x</subfield>
    <subfield code="a">Wirkungsanalyse</subfield>
    <subfield code="0">(DE-627)09140116X</subfield>
    <subfield code="0">(DE-STW)10991-6</subfield>
    <subfield code="2">stw</subfield>
  </datafield>
  <datafield tag="650" ind1=" " ind2="7">
    <subfield code="8">1.3\x</subfield>
    <subfield code="a">Rechtsprechung</subfield>
    <subfield code="0">(DE-627)091385660</subfield>
    <subfield code="0">(DE-STW)15971-1</subfield>
    <subfield code="2">stw</subfield>
  </datafield>
  <datafield tag="650" ind1=" " ind2="7">
    <subfield code="8">1.4\x</subfield>
    <subfield code="a">Strafe</subfield>
    <subfield code="0">(DE-627)091392829</subfield>
    <subfield code="0">(DE-STW)19813-6</subfield>
    <subfield code="2">stw</subfield>
  </datafield>
  <datafield tag="650" ind1=" " ind2="7">
    <subfield code="8">1.5\x</subfield>
    <subfield code="a">Kriminalität</subfield>
    <subfield code="0">(DE-627)091372992</subfield>
    <subfield code="0">(DE-STW)16195-0</subfield>
    <subfield code="2">stw</subfield>
  </datafield>
  <datafield tag="650" ind1=" " ind2="7">
    <subfield code="8">1.6\x</subfield>
    <subfield code="a">Arbeitslosigkeit</subfield>
    <subfield code="0">(DE-627)091347564</subfield>
    <subfield code="0">(DE-STW)11182-6</subfield>
    <subfield code="2">stw</subfield>
  </datafield>
  <datafield tag="650" ind1=" " ind2="7">
    <subfield code="8">1.7\x</subfield>
    <subfield code="a">Beschäftigungsfähigkeit</subfield>
    <subfield code="0">(DE-627)540246840</subfield>
    <subfield code="0">(DE-STW)28045-3</subfield>
    <subfield code="2">stw</subfield>
  </datafield>
  <datafield tag="650" ind1=" " ind2="7">
    <subfield code="8">1.8\x</subfield>
    <subfield code="a">Schätzung</subfield>
    <subfield code="0">(DE-627)091387892</subfield>
    <subfield code="0">(DE-STW)19037-3</subfield>
    <subfield code="2">stw</subfield>
  </datafield>
  <datafield tag="650" ind1=" " ind2="7">
    <subfield code="8">1.9\x</subfield>
    <subfield code="a">USA</subfield>
    <subfield code="0">(DE-627)091396867</subfield>
    <subfield code="0">(DE-STW)17829-1</subfield>
    <subfield code="2">stw</subfield>
  </datafield>
  <datafield tag="700" ind1="1" ind2=" ">
    <subfield code="a">Goldin, Jacob</subfield>
    <subfield code="e">VerfasserIn</subfield>
    <subfield code="4">aut</subfield>
  </datafield>
  <datafield tag="700" ind1="1" ind2=" ">
    <subfield code="a">Yang, Crystal</subfield>
    <subfield code="e">VerfasserIn</subfield>
    <subfield code="0">(DE-588)1101593814</subfield>
    <subfield code="0">(DE-627)859779084</subfield>
    <subfield code="0">(DE-576)469965517</subfield>
    <subfield code="4">aut</subfield>
  </datafield>
  <datafield tag="810" ind1="2" ind2=" ">
    <subfield code="a">John M. Olin Center for Law, Economics, and Business</subfield>
    <subfield code="t">The Harvard John M. Olin discussion paper series</subfield>
    <subfield code="v">no. 871</subfield>
    <subfield code="9">871</subfield>
    <subfield code="w">(DE-627)625074890</subfield>
    <subfield code="w">(DE-576)32276789X</subfield>
    <subfield code="w">(DE-600)2551889-6</subfield>
    <subfield code="x">1936-5357</subfield>
  </datafield>
  <datafield tag="810" ind1="2" ind2=" ">
    <subfield code="a">National Bureau of Economic Research</subfield>
    <subfield code="t">Working papers</subfield>
    <subfield code="v">no. 22511</subfield>
    <subfield code="9">2251100</subfield>
    <subfield code="w">(DE-627)306655969</subfield>
    <subfield code="w">(DE-576)090855825</subfield>
    <subfield code="w">(DE-600)1500086-2</subfield>
    <subfield code="x">1058-8450</subfield>
  </datafield>
  <datafield tag="856" ind1="4" ind2="0">
    <subfield code="u">http://www.law.harvard.edu/programs/olin_center/papers/871_Yang.php</subfield>
    <subfield code="x">Verlag</subfield>
    <subfield code="3">Volltext</subfield>
  </datafield>
  <datafield tag="856" ind1="4" ind2="0">
    <subfield code="u">http://ssrn.com/abstract=2823319</subfield>
    <subfield code="x">Verlag</subfield>
    <subfield code="y">NBER edition</subfield>
    <subfield code="3">Volltext</subfield>
  </datafield>
  <datafield tag="856" ind1="4" ind2="0">
    <subfield code="u">http://dx.doi.org/10.3386/w22511</subfield>
    <subfield code="x">Resolving-System</subfield>
    <subfield code="y">NBER edition</subfield>
    <subfield code="3">Volltext</subfield>
  </datafield>
  <datafield tag="856" ind1="4" ind2="0">
    <subfield code="u">http://www.nber.org/papers/w22511</subfield>
    <subfield code="x">Verlag</subfield>
    <subfield code="3">Volltext</subfield>
  </datafield>
  <datafield tag="856" ind1="4" ind2="0">
    <subfield code="u">http://dx.doi.org/10.3386/w22511</subfield>
    <subfield code="x">Verlag</subfield>
    <subfield code="3">Volltext</subfield>
  </datafield>
  <datafield tag="912" ind1=" " ind2=" ">
    <subfield code="a">ZDB-194-NBW</subfield>
  </datafield>
  <datafield tag="924" ind1="1" ind2=" ">
    <subfield code="a">1657047830</subfield>
    <subfield code="b">DE-206</subfield>
    <subfield code="9">206</subfield>
    <subfield code="c">GBV</subfield>
    <subfield code="d">d</subfield>
  </datafield>
  <datafield tag="924" ind1="1" ind2=" ">
    <subfield code="a">3494064040</subfield>
    <subfield code="b">DE-705</subfield>
    <subfield code="9">705</subfield>
    <subfield code="c">GBV</subfield>
    <subfield code="d">d</subfield>
    <subfield code="k">http://dx.doi.org/10.3386/w22511</subfield>
  </datafield>
  <datafield tag="924" ind1="1" ind2=" ">
    <subfield code="a">3520631172</subfield>
    <subfield code="b">DE-89</subfield>
    <subfield code="9">89</subfield>
    <subfield code="c">GBV</subfield>
    <subfield code="d">d</subfield>
    <subfield code="k">http://dx.doi.org/10.3386/w22511</subfield>
  </datafield>
  <datafield tag="951" ind1=" " ind2=" ">
    <subfield code="a">BO</subfield>
  </datafield>
</record>