
<?xml version="1.0" encoding="UTF-8"?>
<record xmlns="http://www.loc.gov/MARC21/slim">
  <leader>     cam a22        4500</leader>
  <controlfield tag="001">1017894833</controlfield>
  <controlfield tag="003">DE-627</controlfield>
  <controlfield tag="005">20200115003454.0</controlfield>
  <controlfield tag="007">cr uuu---uuuuu</controlfield>
  <controlfield tag="008">180406s2017    xx |||||o     00| ||eng c</controlfield>
  <datafield tag="024" ind1="7" ind2=" ">
    <subfield code="a">10.3386/w23504</subfield>
    <subfield code="2">doi</subfield>
  </datafield>
  <datafield tag="035" ind1=" " ind2=" ">
    <subfield code="a">(DE-627)1017894833</subfield>
  </datafield>
  <datafield tag="035" ind1=" " ind2=" ">
    <subfield code="a">(DE-599)GBV1017894833</subfield>
  </datafield>
  <datafield tag="035" ind1=" " ind2=" ">
    <subfield code="a">(NBER)w23504</subfield>
  </datafield>
  <datafield tag="040" ind1=" " ind2=" ">
    <subfield code="a">DE-627</subfield>
    <subfield code="b">ger</subfield>
    <subfield code="c">DE-627</subfield>
    <subfield code="e">rda</subfield>
  </datafield>
  <datafield tag="041" ind1=" " ind2=" ">
    <subfield code="a">eng</subfield>
  </datafield>
  <datafield tag="044" ind1=" " ind2=" ">
    <subfield code="c">XD-US</subfield>
  </datafield>
  <datafield tag="100" ind1="1" ind2=" ">
    <subfield code="a">Borjas, George J.</subfield>
    <subfield code="d">1950-</subfield>
    <subfield code="e">VerfasserIn</subfield>
    <subfield code="0">(DE-588)124510582</subfield>
    <subfield code="0">(DE-627)378676415</subfield>
    <subfield code="0">(DE-576)164049681</subfield>
    <subfield code="4">aut</subfield>
  </datafield>
  <datafield tag="245" ind1="1" ind2="0">
    <subfield code="a">Still more on Mariel</subfield>
    <subfield code="b">the role of race</subfield>
    <subfield code="c">George J. Borjas (Harvard Kennedy School)</subfield>
  </datafield>
  <datafield tag="264" ind1=" " ind2="1">
    <subfield code="a">[Cambridge, MA]</subfield>
    <subfield code="b">Harvard Kennedy School, John F. Kennedy School of Government</subfield>
    <subfield code="c">June 2017</subfield>
  </datafield>
  <datafield tag="300" ind1=" " ind2=" ">
    <subfield code="a">1 Online-Ressource (circa 22 Seiten)</subfield>
    <subfield code="b">Illustrationen</subfield>
  </datafield>
  <datafield tag="336" ind1=" " ind2=" ">
    <subfield code="a">Text</subfield>
    <subfield code="b">txt</subfield>
    <subfield code="2">rdacontent</subfield>
  </datafield>
  <datafield tag="337" ind1=" " ind2=" ">
    <subfield code="a">Computermedien</subfield>
    <subfield code="b">c</subfield>
    <subfield code="2">rdamedia</subfield>
  </datafield>
  <datafield tag="338" ind1=" " ind2=" ">
    <subfield code="a">Online-Ressource</subfield>
    <subfield code="b">cr</subfield>
    <subfield code="2">rdacarrier</subfield>
  </datafield>
  <datafield tag="490" ind1="1" ind2=" ">
    <subfield code="a">Faculty research working paper series / Harvard Kennedy School, John F. Kennedy School of Government</subfield>
    <subfield code="v">RWP17, 029 (August 2017)</subfield>
  </datafield>
  <datafield tag="490" ind1="1" ind2=" ">
    <subfield code="a">Faculty research working paper series / Harvard Kennedy School, John F. Kennedy School of Government</subfield>
    <subfield code="v">RWP16, 37</subfield>
  </datafield>
  <datafield tag="490" ind1="1" ind2=" ">
    <subfield code="a">NBER working paper series</subfield>
    <subfield code="v">no. w23504</subfield>
  </datafield>
  <datafield tag="490" ind1="1" ind2=" ">
    <subfield code="a">NBER working paper series</subfield>
    <subfield code="v">23504</subfield>
  </datafield>
  <datafield tag="520" ind1=" " ind2=" ">
    <subfield code="a">Card&apos;s (1990) study of the Mariel supply shock remains an important cornerstone of both the literature that measures the labor market impact of immigration, and of the &quot;stylized fact&quot; that immigration might not have much impact on the wage of workers in a receiving country. My recent reappraisal of the Mariel evidence (Borjas, 2017) revealed that the wage of low-skill workers in Miami declined substantially in the years after Mariel, and has already encouraged a number of re-reexaminations. Most recently, Clemens and Hunt (2017) argue that a data quirk in the CPS implies that wage trends in the sample of non-Hispanic prime-age men examined in my paper does not correctly represent what happened to wages in post-Mariel Miami. Specifically, there was a substantial increase in the black share of Miami&apos;s low-skill workforce in the relevant period (particularly between the 1979 and 1980 survey years of the March CPS). Because African-American men earn less than white men, this increase in the black share would spuriously produce a drop in the average low-skill wage in Miami. This paper examines the robustness of the evidence presented in my original paper to statistical adjustments that control for the increasing number of black men in Miami&apos;s low-skill workforce. The evidence consistently indicates that the race-adjusted low-skill wage in Miami fell significantly relative to the wage in other labor markets shortly after 1980 before fully recovering by 1990</subfield>
  </datafield>
  <datafield tag="648" ind1=" " ind2="7">
    <subfield code="8">1.8\x</subfield>
    <subfield code="a">1976-1990</subfield>
    <subfield code="2">stw</subfield>
  </datafield>
  <datafield tag="650" ind1=" " ind2="7">
    <subfield code="8">1.1\x</subfield>
    <subfield code="a">Einwanderung</subfield>
    <subfield code="0">(DE-627)091356253</subfield>
    <subfield code="0">(DE-STW)15952-5</subfield>
    <subfield code="2">stw</subfield>
  </datafield>
  <datafield tag="650" ind1=" " ind2="7">
    <subfield code="8">1.2\x</subfield>
    <subfield code="a">Qualifikation</subfield>
    <subfield code="0">(DE-627)091384966</subfield>
    <subfield code="0">(DE-STW)19112-1</subfield>
    <subfield code="2">stw</subfield>
  </datafield>
  <datafield tag="650" ind1=" " ind2="7">
    <subfield code="8">1.3\x</subfield>
    <subfield code="a">Lohnstruktur</subfield>
    <subfield code="0">(DE-627)091375584</subfield>
    <subfield code="0">(DE-STW)11327-6</subfield>
    <subfield code="2">stw</subfield>
  </datafield>
  <datafield tag="650" ind1=" " ind2="7">
    <subfield code="8">1.4\x</subfield>
    <subfield code="a">Ungelernte Arbeitskräfte</subfield>
    <subfield code="0">(DE-627)09139628X</subfield>
    <subfield code="0">(DE-STW)11282-2</subfield>
    <subfield code="2">stw</subfield>
  </datafield>
  <datafield tag="650" ind1=" " ind2="7">
    <subfield code="8">1.5\x</subfield>
    <subfield code="a">Schwarze Menschen</subfield>
    <subfield code="0">(DE-627)09138866X</subfield>
    <subfield code="0">(DE-STW)15929-0</subfield>
    <subfield code="2">stw</subfield>
  </datafield>
  <datafield tag="650" ind1=" " ind2="7">
    <subfield code="8">1.6\x</subfield>
    <subfield code="a">Kubaner</subfield>
    <subfield code="0">(DE-627)091410711</subfield>
    <subfield code="0">(DE-STW)26405-2</subfield>
    <subfield code="2">stw</subfield>
  </datafield>
  <datafield tag="650" ind1=" " ind2="7">
    <subfield code="8">1.7\x</subfield>
    <subfield code="a">Miami (Fla.)</subfield>
    <subfield code="0">(DE-627)091412439</subfield>
    <subfield code="2">stw</subfield>
  </datafield>
  <datafield tag="810" ind1="2" ind2=" ">
    <subfield code="a">John F. Kennedy School of Government</subfield>
    <subfield code="t">Faculty research working paper series</subfield>
    <subfield code="v">RWP17, 029 (August 2017)</subfield>
    <subfield code="9">2017029</subfield>
    <subfield code="w">(DE-627)371913314</subfield>
    <subfield code="w">(DE-576)281233993</subfield>
    <subfield code="w">(DE-600)2123740-2</subfield>
  </datafield>
  <datafield tag="810" ind1="2" ind2=" ">
    <subfield code="a">National Bureau of Economic Research</subfield>
    <subfield code="t">Working papers</subfield>
    <subfield code="v">23504</subfield>
    <subfield code="9">2350400</subfield>
    <subfield code="w">(DE-627)306655969</subfield>
    <subfield code="w">(DE-576)090855825</subfield>
    <subfield code="w">(DE-600)1500086-2</subfield>
    <subfield code="x">1058-8450</subfield>
  </datafield>
  <datafield tag="856" ind1="4" ind2="0">
    <subfield code="u">https://research.hks.harvard.edu/publications/workingpapers/citation.aspx?PubId=12784&amp;type=WPN</subfield>
    <subfield code="x">Verlag</subfield>
    <subfield code="z">Kostenfrei</subfield>
    <subfield code="3">Volltext</subfield>
  </datafield>
  <datafield tag="856" ind1="4" ind2="0">
    <subfield code="u">https://research.hks.harvard.edu/publications/getFile.aspx?Id=1563</subfield>
    <subfield code="x">Verlag</subfield>
    <subfield code="z">Kostenfrei</subfield>
    <subfield code="3">Volltext</subfield>
  </datafield>
  <datafield tag="856" ind1="4" ind2="0">
    <subfield code="u">http://www.nber.org/papers/w23504</subfield>
    <subfield code="x">Verlag</subfield>
    <subfield code="z">Lizenzpflichtig</subfield>
    <subfield code="3">Volltext</subfield>
  </datafield>
  <datafield tag="856" ind1="4" ind2="0">
    <subfield code="u">http://www.nber.org/papers/w23504</subfield>
    <subfield code="x">Verlag</subfield>
    <subfield code="3">Volltext</subfield>
  </datafield>
  <datafield tag="856" ind1="4" ind2="0">
    <subfield code="u">http://dx.doi.org/10.3386/w23504</subfield>
    <subfield code="x">Verlag</subfield>
    <subfield code="3">Volltext</subfield>
  </datafield>
  <datafield tag="912" ind1=" " ind2=" ">
    <subfield code="a">ZDB-194-NBW</subfield>
  </datafield>
  <datafield tag="924" ind1="1" ind2=" ">
    <subfield code="a">1763800865</subfield>
    <subfield code="b">DE-206</subfield>
    <subfield code="9">206</subfield>
    <subfield code="c">GBV</subfield>
    <subfield code="d">d</subfield>
    <subfield code="g">Keine Speicherung</subfield>
    <subfield code="h">K:</subfield>
  </datafield>
  <datafield tag="924" ind1="1" ind2=" ">
    <subfield code="a">3494064075</subfield>
    <subfield code="b">DE-705</subfield>
    <subfield code="9">705</subfield>
    <subfield code="c">GBV</subfield>
    <subfield code="d">d</subfield>
    <subfield code="k">http://dx.doi.org/10.3386/w23504</subfield>
  </datafield>
  <datafield tag="924" ind1="1" ind2=" ">
    <subfield code="a">3520631202</subfield>
    <subfield code="b">DE-89</subfield>
    <subfield code="9">89</subfield>
    <subfield code="c">GBV</subfield>
    <subfield code="d">d</subfield>
    <subfield code="k">http://dx.doi.org/10.3386/w23504</subfield>
  </datafield>
  <datafield tag="951" ind1=" " ind2=" ">
    <subfield code="a">BO</subfield>
  </datafield>
</record>