
<?xml version="1.0" encoding="UTF-8"?>
<record xmlns="http://www.loc.gov/MARC21/slim">
  <leader>     cam a22        4500</leader>
  <controlfield tag="001">101787638X</controlfield>
  <controlfield tag="003">DE-627</controlfield>
  <controlfield tag="005">20200115005425.0</controlfield>
  <controlfield tag="007">cr uuu---uuuuu</controlfield>
  <controlfield tag="008">180406s2018    xx |||||o     00| ||eng c</controlfield>
  <datafield tag="024" ind1="7" ind2=" ">
    <subfield code="a">10.3386/w24241</subfield>
    <subfield code="2">doi</subfield>
  </datafield>
  <datafield tag="035" ind1=" " ind2=" ">
    <subfield code="a">(DE-627)101787638X</subfield>
  </datafield>
  <datafield tag="035" ind1=" " ind2=" ">
    <subfield code="a">(DE-599)GBV101787638X</subfield>
  </datafield>
  <datafield tag="035" ind1=" " ind2=" ">
    <subfield code="a">(NBER)w24241</subfield>
  </datafield>
  <datafield tag="040" ind1=" " ind2=" ">
    <subfield code="a">DE-627</subfield>
    <subfield code="b">ger</subfield>
    <subfield code="c">DE-627</subfield>
    <subfield code="e">rda</subfield>
  </datafield>
  <datafield tag="041" ind1=" " ind2=" ">
    <subfield code="a">eng</subfield>
  </datafield>
  <datafield tag="044" ind1=" " ind2=" ">
    <subfield code="c">XD-US</subfield>
  </datafield>
  <datafield tag="100" ind1="1" ind2=" ">
    <subfield code="a">Alquist, Ron</subfield>
    <subfield code="e">VerfasserIn</subfield>
    <subfield code="0">(DE-588)132389843</subfield>
    <subfield code="0">(DE-627)521954371</subfield>
    <subfield code="0">(DE-576)299115879</subfield>
    <subfield code="4">aut</subfield>
  </datafield>
  <datafield tag="245" ind1="1" ind2="0">
    <subfield code="a">Financial constraints, institutions, and foreign ownership</subfield>
    <subfield code="c">Ron Alquist (AQR Capital Management), Nicolas Berman (Aix-Marseille University and CEPR), Rahul Mukherjee (Graduate Institute Geneva), Linda Tesar (University of Michigan and NBER)</subfield>
  </datafield>
  <datafield tag="264" ind1=" " ind2="1">
    <subfield code="a">Ann Arbor, Michigan</subfield>
    <subfield code="b">Research Seminar in International Economics, Gerald R. Ford School of Public Policy, the University of Michigan</subfield>
    <subfield code="c">January, 2018</subfield>
  </datafield>
  <datafield tag="300" ind1=" " ind2=" ">
    <subfield code="a">1 Online-Ressource (circa 41 Seiten)</subfield>
    <subfield code="b">Illustrationen</subfield>
  </datafield>
  <datafield tag="336" ind1=" " ind2=" ">
    <subfield code="a">Text</subfield>
    <subfield code="b">txt</subfield>
    <subfield code="2">rdacontent</subfield>
  </datafield>
  <datafield tag="337" ind1=" " ind2=" ">
    <subfield code="a">Computermedien</subfield>
    <subfield code="b">c</subfield>
    <subfield code="2">rdamedia</subfield>
  </datafield>
  <datafield tag="338" ind1=" " ind2=" ">
    <subfield code="a">Online-Ressource</subfield>
    <subfield code="b">cr</subfield>
    <subfield code="2">rdacarrier</subfield>
  </datafield>
  <datafield tag="490" ind1="1" ind2=" ">
    <subfield code="a">Discussion paper / Research Seminar in International Economics, Gerald R. Ford School of Public Policy, the University of Michigan</subfield>
    <subfield code="v">no. 660</subfield>
  </datafield>
  <datafield tag="490" ind1="1" ind2=" ">
    <subfield code="a">NBER working paper series</subfield>
    <subfield code="v">no. w24241</subfield>
  </datafield>
  <datafield tag="490" ind1="1" ind2=" ">
    <subfield code="a">NBER working paper series</subfield>
    <subfield code="v">24241</subfield>
  </datafield>
  <datafield tag="520" ind1=" " ind2=" ">
    <subfield code="a">This paper examines how external finance dependence, financial development, and institutions influence brownfield foreign direct investment (FDI). We develop a model of cross-border acquisitions in which the foreign acquirer&apos;s choice of ownership structure reflects a trade-off between easing target credit constraints and the costs of operating in an environment of low institutional quality. Using a dataset of cross-border acquisitions in emerging markets, we find evidence supporting the central predictions of the model that: (i) a foreign firm is more likely to fully acquire a target firm in sectors that are more reliant on external finance, or in countries with lower financial development/higher institutional quality; (ii) the level of foreign ownership in partially foreign-owned firms is insensitive to institutional factors and depends weakly on financial factors; (iii) the share of foreign acquisitions in all acquisition activity is also higher in external finance dependent sectors, or financially under-developed/high institutional quality countries; and (iv) sectoral external finance dependence accentuates the effect of country-level financial development and institutional quality. The theory and empirical evidence provide insight into the interaction between the financial, institutional and technological determinants of North-South brown field FDI.</subfield>
  </datafield>
  <datafield tag="650" ind1=" " ind2="7">
    <subfield code="8">1.1\x</subfield>
    <subfield code="a">Auslandsinvestition</subfield>
    <subfield code="0">(DE-627)091355095</subfield>
    <subfield code="0">(DE-STW)10823-6</subfield>
    <subfield code="2">stw</subfield>
  </datafield>
  <datafield tag="650" ind1=" " ind2="7">
    <subfield code="8">1.2\x</subfield>
    <subfield code="a">Kapitalmobilität</subfield>
    <subfield code="0">(DE-627)091368286</subfield>
    <subfield code="0">(DE-STW)10811-6</subfield>
    <subfield code="2">stw</subfield>
  </datafield>
  <datafield tag="650" ind1=" " ind2="7">
    <subfield code="8">1.3\x</subfield>
    <subfield code="a">Multinationales Unternehmen</subfield>
    <subfield code="0">(DE-627)091378923</subfield>
    <subfield code="0">(DE-STW)12062-4</subfield>
    <subfield code="2">stw</subfield>
  </datafield>
  <datafield tag="650" ind1=" " ind2="7">
    <subfield code="8">1.4\x</subfield>
    <subfield code="a">Schätzung</subfield>
    <subfield code="0">(DE-627)091387892</subfield>
    <subfield code="0">(DE-STW)19037-3</subfield>
    <subfield code="2">stw</subfield>
  </datafield>
  <datafield tag="650" ind1=" " ind2="7">
    <subfield code="8">1.5\x</subfield>
    <subfield code="a">Schwellenländer</subfield>
    <subfield code="0">(DE-627)091388821</subfield>
    <subfield code="0">(DE-STW)10508-0</subfield>
    <subfield code="2">stw</subfield>
  </datafield>
  <datafield tag="700" ind1="1" ind2=" ">
    <subfield code="a">Berman, Nicolas</subfield>
    <subfield code="e">VerfasserIn</subfield>
    <subfield code="4">aut</subfield>
  </datafield>
  <datafield tag="700" ind1="1" ind2=" ">
    <subfield code="a">Mukherjee, Rahul</subfield>
    <subfield code="e">VerfasserIn</subfield>
    <subfield code="0">(DE-588)1033476366</subfield>
    <subfield code="0">(DE-627)74129477X</subfield>
    <subfield code="0">(DE-576)381078566</subfield>
    <subfield code="4">aut</subfield>
  </datafield>
  <datafield tag="700" ind1="1" ind2=" ">
    <subfield code="a">Tesar, Linda L.</subfield>
    <subfield code="d">1961-</subfield>
    <subfield code="e">VerfasserIn</subfield>
    <subfield code="0">(DE-588)128450169</subfield>
    <subfield code="0">(DE-627)373001576</subfield>
    <subfield code="0">(DE-576)297152564</subfield>
    <subfield code="4">aut</subfield>
  </datafield>
  <datafield tag="810" ind1="2" ind2=" ">
    <subfield code="a">Research Seminar in International Economics</subfield>
    <subfield code="t">Discussion papers</subfield>
    <subfield code="v">no. 660</subfield>
    <subfield code="9">660</subfield>
    <subfield code="w">(DE-627)488011493</subfield>
    <subfield code="w">(DE-576)281277079</subfield>
    <subfield code="w">(DE-600)2189064-X</subfield>
  </datafield>
  <datafield tag="810" ind1="2" ind2=" ">
    <subfield code="a">National Bureau of Economic Research</subfield>
    <subfield code="t">Working papers</subfield>
    <subfield code="v">24241</subfield>
    <subfield code="9">2424100</subfield>
    <subfield code="w">(DE-627)306655969</subfield>
    <subfield code="w">(DE-576)090855825</subfield>
    <subfield code="w">(DE-600)1500086-2</subfield>
    <subfield code="x">1058-8450</subfield>
  </datafield>
  <datafield tag="856" ind1="4" ind2="0">
    <subfield code="u">http://fordschool.umich.edu/rsie/workingpapers/Papers651-675/r660.pdf</subfield>
    <subfield code="x">Verlag</subfield>
    <subfield code="z">Kostenfrei</subfield>
    <subfield code="3">Volltext</subfield>
  </datafield>
  <datafield tag="856" ind1="4" ind2="0">
    <subfield code="u">http://fordschool.umich.edu/rsie/workingpapers/abstracts.html#660</subfield>
    <subfield code="x">Verlag</subfield>
    <subfield code="z">Kostenfrei</subfield>
    <subfield code="3">Volltext</subfield>
  </datafield>
  <datafield tag="856" ind1="4" ind2="0">
    <subfield code="u">http://www.nber.org/papers/w24241</subfield>
    <subfield code="x">Verlag</subfield>
    <subfield code="z">Lizenzpflichtig</subfield>
    <subfield code="3">Volltext</subfield>
  </datafield>
  <datafield tag="856" ind1="4" ind2="0">
    <subfield code="u">http://www.nber.org/papers/w24241</subfield>
    <subfield code="x">Verlag</subfield>
    <subfield code="3">Volltext</subfield>
  </datafield>
  <datafield tag="856" ind1="4" ind2="0">
    <subfield code="u">http://dx.doi.org/10.3386/w24241</subfield>
    <subfield code="x">Verlag</subfield>
    <subfield code="3">Volltext</subfield>
  </datafield>
  <datafield tag="912" ind1=" " ind2=" ">
    <subfield code="a">ZDB-194-NBW</subfield>
  </datafield>
  <datafield tag="924" ind1="1" ind2=" ">
    <subfield code="a">1763761843</subfield>
    <subfield code="b">DE-206</subfield>
    <subfield code="9">206</subfield>
    <subfield code="c">GBV</subfield>
    <subfield code="d">d</subfield>
    <subfield code="g">Keine Speicherung</subfield>
    <subfield code="h">K:</subfield>
  </datafield>
  <datafield tag="924" ind1="1" ind2=" ">
    <subfield code="a">3494064067</subfield>
    <subfield code="b">DE-705</subfield>
    <subfield code="9">705</subfield>
    <subfield code="c">GBV</subfield>
    <subfield code="d">d</subfield>
    <subfield code="k">http://dx.doi.org/10.3386/w24241</subfield>
  </datafield>
  <datafield tag="924" ind1="1" ind2=" ">
    <subfield code="a">3520631199</subfield>
    <subfield code="b">DE-89</subfield>
    <subfield code="9">89</subfield>
    <subfield code="c">GBV</subfield>
    <subfield code="d">d</subfield>
    <subfield code="k">http://dx.doi.org/10.3386/w24241</subfield>
  </datafield>
  <datafield tag="951" ind1=" " ind2=" ">
    <subfield code="a">BO</subfield>
  </datafield>
</record>