
<?xml version="1.0" encoding="UTF-8"?>
<record xmlns="http://www.loc.gov/MARC21/slim">
  <leader>     cam a22        4500</leader>
  <controlfield tag="001">1030130647</controlfield>
  <controlfield tag="003">DE-627</controlfield>
  <controlfield tag="005">20200115001249.0</controlfield>
  <controlfield tag="007">cr uuu---uuuuu</controlfield>
  <controlfield tag="008">180904s2018    xx |||||o     00| ||eng c</controlfield>
  <datafield tag="024" ind1="7" ind2=" ">
    <subfield code="a">10.3386/w24760</subfield>
    <subfield code="2">doi</subfield>
  </datafield>
  <datafield tag="035" ind1=" " ind2=" ">
    <subfield code="a">(DE-627)1030130647</subfield>
  </datafield>
  <datafield tag="035" ind1=" " ind2=" ">
    <subfield code="a">(DE-599)GBV1030130647</subfield>
  </datafield>
  <datafield tag="035" ind1=" " ind2=" ">
    <subfield code="a">(NBER)w24760</subfield>
  </datafield>
  <datafield tag="040" ind1=" " ind2=" ">
    <subfield code="a">DE-627</subfield>
    <subfield code="b">ger</subfield>
    <subfield code="c">DE-627</subfield>
    <subfield code="e">rda</subfield>
  </datafield>
  <datafield tag="041" ind1=" " ind2=" ">
    <subfield code="a">eng</subfield>
  </datafield>
  <datafield tag="044" ind1=" " ind2=" ">
    <subfield code="c">XD-US</subfield>
  </datafield>
  <datafield tag="100" ind1="1" ind2=" ">
    <subfield code="a">Bloom, Nicholas</subfield>
    <subfield code="d">1973-</subfield>
    <subfield code="e">VerfasserIn</subfield>
    <subfield code="0">(DE-588)124546560</subfield>
    <subfield code="0">(DE-627)363412433</subfield>
    <subfield code="0">(DE-576)182554635</subfield>
    <subfield code="4">aut</subfield>
  </datafield>
  <datafield tag="245" ind1="1" ind2="0">
    <subfield code="a">Do CEOs know best?</subfield>
    <subfield code="b">evidence from China</subfield>
    <subfield code="c">Nicholas Bloom, Hong Cheng, Mark Duggan, Hongbin Li, Franklin Qian</subfield>
  </datafield>
  <datafield tag="264" ind1=" " ind2="1">
    <subfield code="a">Stanford, CA</subfield>
    <subfield code="b">SIEPR, Stanford Institute for Economic Policy Research</subfield>
    <subfield code="c">June 2018</subfield>
  </datafield>
  <datafield tag="300" ind1=" " ind2=" ">
    <subfield code="a">1 Online-Ressource (circa 40 Seiten)</subfield>
    <subfield code="b">Illustrationen</subfield>
  </datafield>
  <datafield tag="336" ind1=" " ind2=" ">
    <subfield code="a">Text</subfield>
    <subfield code="b">txt</subfield>
    <subfield code="2">rdacontent</subfield>
  </datafield>
  <datafield tag="337" ind1=" " ind2=" ">
    <subfield code="a">Computermedien</subfield>
    <subfield code="b">c</subfield>
    <subfield code="2">rdamedia</subfield>
  </datafield>
  <datafield tag="338" ind1=" " ind2=" ">
    <subfield code="a">Online-Ressource</subfield>
    <subfield code="b">cr</subfield>
    <subfield code="2">rdacarrier</subfield>
  </datafield>
  <datafield tag="490" ind1="1" ind2=" ">
    <subfield code="a">Working paper / Stanford Institute for Economic Policy Research (SIEPR)</subfield>
    <subfield code="v">no. 18, 014 (June, 2018)</subfield>
  </datafield>
  <datafield tag="490" ind1="1" ind2=" ">
    <subfield code="a">NBER working paper series</subfield>
    <subfield code="v">no. w24760</subfield>
  </datafield>
  <datafield tag="490" ind1="1" ind2=" ">
    <subfield code="a">NBER working paper series</subfield>
    <subfield code="v">24760</subfield>
  </datafield>
  <datafield tag="520" ind1=" " ind2=" ">
    <subfield code="a">We analyze a new management survey for around 1,000 firms and 10,000 employees across two large provinces in China. The unique aspect of this survey is it collected management data from the CEO, a random sample of senior managers and workers. We document four main results. First, management scores, much like productivity, have a wide spread with a long left-tail of poorly managed firms. This distribution of management scores is similar for CEOs, senior managers and workers management, and appears broadly reasonably compared to US scores for similar questions. Moreover, for all groups these scores correlate with firm performance, suggesting all employees within the firm are (at least partly) aware of the their firms&apos; managerial abilities. Second, the scores across the groups are significantly cross-correlated, but far from completely. This suggests that while different levels of the firm have similar views on the firms&apos; management capabilities, they do not fully agree. Third, we find that the CEO&apos;s management scores are the most predictive of firm performance, followed by the senior managers and then the workers. Hence, CEOs do appear to know best about their firms management strengths and weaknesses. Fourth, within-firm management score dispersion is negatively correlated with investment and R&amp;D intensity, suggesting long-run planning is linked with greater consistency in management across levels in firms</subfield>
  </datafield>
  <datafield tag="700" ind1="1" ind2=" ">
    <subfield code="a">Cheng, Hong</subfield>
    <subfield code="e">VerfasserIn</subfield>
    <subfield code="0">(DE-588)1059893134</subfield>
    <subfield code="0">(DE-627)798969377</subfield>
    <subfield code="0">(DE-576)416026281</subfield>
    <subfield code="4">aut</subfield>
  </datafield>
  <datafield tag="700" ind1="1" ind2=" ">
    <subfield code="a">Duggan, Mark G.</subfield>
    <subfield code="d">1970-</subfield>
    <subfield code="e">VerfasserIn</subfield>
    <subfield code="0">(DE-588)129714402</subfield>
    <subfield code="0">(DE-627)478096208</subfield>
    <subfield code="0">(DE-576)29779986X</subfield>
    <subfield code="4">aut</subfield>
  </datafield>
  <datafield tag="700" ind1="1" ind2=" ">
    <subfield code="a">Li, Hongbin</subfield>
    <subfield code="e">VerfasserIn</subfield>
    <subfield code="0">(DE-588)134264878</subfield>
    <subfield code="0">(DE-627)56607639X</subfield>
    <subfield code="0">(DE-576)300411987</subfield>
    <subfield code="4">aut</subfield>
  </datafield>
  <datafield tag="700" ind1="1" ind2=" ">
    <subfield code="a">Qian, Franklin</subfield>
    <subfield code="e">VerfasserIn</subfield>
    <subfield code="4">aut</subfield>
  </datafield>
  <datafield tag="810" ind1="2" ind2=" ">
    <subfield code="a">National Bureau of Economic Research</subfield>
    <subfield code="t">Working papers</subfield>
    <subfield code="v">24760</subfield>
    <subfield code="9">2476000</subfield>
    <subfield code="w">(DE-627)306655969</subfield>
    <subfield code="w">(DE-576)090855825</subfield>
    <subfield code="w">(DE-600)1500086-2</subfield>
    <subfield code="x">1058-8450</subfield>
  </datafield>
  <datafield tag="830" ind1=" " ind2="0">
    <subfield code="a">Working paper</subfield>
    <subfield code="v">no. 18, 014 (June, 2018)</subfield>
    <subfield code="9">2018014</subfield>
    <subfield code="w">(DE-627)1011442485</subfield>
    <subfield code="w">(DE-576)49756341X</subfield>
    <subfield code="w">(DE-600)2917612-8</subfield>
  </datafield>
  <datafield tag="856" ind1="4" ind2="0">
    <subfield code="u">https://siepr.stanford.edu/research/publications/do-ceos-know-best-evidence-china</subfield>
    <subfield code="x">Verlag</subfield>
    <subfield code="z">Kostenfrei</subfield>
    <subfield code="3">Volltext</subfield>
  </datafield>
  <datafield tag="856" ind1="4" ind2="0">
    <subfield code="u">https://siepr.stanford.edu/sites/default/files/publications/18-014.pdf</subfield>
    <subfield code="x">Verlag</subfield>
    <subfield code="z">Kostenfrei</subfield>
    <subfield code="3">Volltext</subfield>
  </datafield>
  <datafield tag="856" ind1="4" ind2="0">
    <subfield code="u">http://www.nber.org/papers/w24760</subfield>
    <subfield code="x">Verlag</subfield>
    <subfield code="z">Lizenzpflichtig</subfield>
    <subfield code="3">Volltext</subfield>
  </datafield>
  <datafield tag="856" ind1="4" ind2="0">
    <subfield code="u">http://www.nber.org/papers/w24760</subfield>
    <subfield code="x">Verlag</subfield>
    <subfield code="3">Volltext</subfield>
  </datafield>
  <datafield tag="856" ind1="4" ind2="0">
    <subfield code="u">http://dx.doi.org/10.3386/w24760</subfield>
    <subfield code="x">Verlag</subfield>
    <subfield code="3">Volltext</subfield>
  </datafield>
  <datafield tag="912" ind1=" " ind2=" ">
    <subfield code="a">ZDB-194-NBW</subfield>
  </datafield>
  <datafield tag="924" ind1="1" ind2=" ">
    <subfield code="a">1802308881</subfield>
    <subfield code="b">DE-206</subfield>
    <subfield code="9">206</subfield>
    <subfield code="c">GBV</subfield>
    <subfield code="d">d</subfield>
    <subfield code="g">Keine Speicherung</subfield>
    <subfield code="h">K:</subfield>
  </datafield>
  <datafield tag="924" ind1="1" ind2=" ">
    <subfield code="a">3494064083</subfield>
    <subfield code="b">DE-705</subfield>
    <subfield code="9">705</subfield>
    <subfield code="c">GBV</subfield>
    <subfield code="d">d</subfield>
    <subfield code="k">http://dx.doi.org/10.3386/w24760</subfield>
  </datafield>
  <datafield tag="924" ind1="1" ind2=" ">
    <subfield code="a">3520631210</subfield>
    <subfield code="b">DE-89</subfield>
    <subfield code="9">89</subfield>
    <subfield code="c">GBV</subfield>
    <subfield code="d">d</subfield>
    <subfield code="k">http://dx.doi.org/10.3386/w24760</subfield>
  </datafield>
  <datafield tag="951" ind1=" " ind2=" ">
    <subfield code="a">BO</subfield>
  </datafield>
</record>