
<?xml version="1.0" encoding="UTF-8"?>
<record xmlns="http://www.loc.gov/MARC21/slim">
  <leader>     cam a22        4500</leader>
  <controlfield tag="001">103007688X</controlfield>
  <controlfield tag="003">DE-627</controlfield>
  <controlfield tag="005">20200115003456.0</controlfield>
  <controlfield tag="007">cr uuu---uuuuu</controlfield>
  <controlfield tag="008">180904s2018    xx |||||o     00| ||eng c</controlfield>
  <datafield tag="035" ind1=" " ind2=" ">
    <subfield code="a">(DE-627)103007688X</subfield>
  </datafield>
  <datafield tag="035" ind1=" " ind2=" ">
    <subfield code="a">(DE-599)GBV103007688X</subfield>
  </datafield>
  <datafield tag="040" ind1=" " ind2=" ">
    <subfield code="a">DE-627</subfield>
    <subfield code="b">ger</subfield>
    <subfield code="c">DE-627</subfield>
    <subfield code="e">rda</subfield>
  </datafield>
  <datafield tag="041" ind1=" " ind2=" ">
    <subfield code="a">eng</subfield>
  </datafield>
  <datafield tag="044" ind1=" " ind2=" ">
    <subfield code="c">XD-US</subfield>
  </datafield>
  <datafield tag="100" ind1="1" ind2=" ">
    <subfield code="a">Hanna, Rema</subfield>
    <subfield code="e">VerfasserIn</subfield>
    <subfield code="0">(DE-588)131571559</subfield>
    <subfield code="0">(DE-627)510987796</subfield>
    <subfield code="0">(DE-576)298594269</subfield>
    <subfield code="4">aut</subfield>
  </datafield>
  <datafield tag="245" ind1="1" ind2="0">
    <subfield code="a">Universal basic incomes vs. targeted transfers</subfield>
    <subfield code="b">anti-poverty programs in developing countries</subfield>
    <subfield code="c">Rema Hanna (Harvard Kennedy School), Benjamin A. Olken (Massachusetts Institute of Technology)</subfield>
  </datafield>
  <datafield tag="264" ind1=" " ind2="1">
    <subfield code="a">[Cambridge, MA]</subfield>
    <subfield code="b">Harvard Kennedy School, John F. Kennedy School of Government</subfield>
    <subfield code="c">August 2018</subfield>
  </datafield>
  <datafield tag="300" ind1=" " ind2=" ">
    <subfield code="a">1 Online-Ressource (circa 35 Seiten)</subfield>
    <subfield code="b">Illustrationen</subfield>
  </datafield>
  <datafield tag="336" ind1=" " ind2=" ">
    <subfield code="a">Text</subfield>
    <subfield code="b">txt</subfield>
    <subfield code="2">rdacontent</subfield>
  </datafield>
  <datafield tag="337" ind1=" " ind2=" ">
    <subfield code="a">Computermedien</subfield>
    <subfield code="b">c</subfield>
    <subfield code="2">rdamedia</subfield>
  </datafield>
  <datafield tag="338" ind1=" " ind2=" ">
    <subfield code="a">Online-Ressource</subfield>
    <subfield code="b">cr</subfield>
    <subfield code="2">rdacarrier</subfield>
  </datafield>
  <datafield tag="490" ind1="1" ind2=" ">
    <subfield code="a">Faculty research working paper series / Harvard Kennedy School, John F. Kennedy School of Government</subfield>
    <subfield code="v">RWP18, 024 (August 2018)</subfield>
  </datafield>
  <datafield tag="490" ind1="1" ind2=" ">
    <subfield code="a">NBER working paper series</subfield>
    <subfield code="v">24939</subfield>
  </datafield>
  <datafield tag="650" ind1=" " ind2="7">
    <subfield code="8">1.1\x</subfield>
    <subfield code="a">Armutsbekämpfung</subfield>
    <subfield code="0">(DE-627)091348064</subfield>
    <subfield code="0">(DE-STW)16533-6</subfield>
    <subfield code="2">stw</subfield>
  </datafield>
  <datafield tag="650" ind1=" " ind2="7">
    <subfield code="8">1.2\x</subfield>
    <subfield code="a">Grundeinkommen</subfield>
    <subfield code="0">(DE-627)091379725</subfield>
    <subfield code="0">(DE-STW)11687-4</subfield>
    <subfield code="2">stw</subfield>
  </datafield>
  <datafield tag="650" ind1=" " ind2="7">
    <subfield code="8">1.3\x</subfield>
    <subfield code="a">Öffentliche Sozialleistungen</subfield>
    <subfield code="0">(DE-627)091390230</subfield>
    <subfield code="0">(DE-STW)11569-3</subfield>
    <subfield code="2">stw</subfield>
  </datafield>
  <datafield tag="650" ind1=" " ind2="7">
    <subfield code="8">1.4\x</subfield>
    <subfield code="a">Zielgruppe</subfield>
    <subfield code="0">(DE-627)091402379</subfield>
    <subfield code="0">(DE-STW)15859-2</subfield>
    <subfield code="2">stw</subfield>
  </datafield>
  <datafield tag="650" ind1=" " ind2="7">
    <subfield code="8">1.5\x</subfield>
    <subfield code="a">Sozialleistungsempfänger</subfield>
    <subfield code="0">(DE-627)091390249</subfield>
    <subfield code="0">(DE-STW)19507-6</subfield>
    <subfield code="2">stw</subfield>
  </datafield>
  <datafield tag="650" ind1=" " ind2="7">
    <subfield code="8">1.6\x</subfield>
    <subfield code="a">Entwicklungsländer</subfield>
    <subfield code="0">(DE-627)09135742X</subfield>
    <subfield code="0">(DE-STW)10492-3</subfield>
    <subfield code="2">stw</subfield>
  </datafield>
  <datafield tag="700" ind1="1" ind2=" ">
    <subfield code="a">Olken, Benjamin A.</subfield>
    <subfield code="e">VerfasserIn</subfield>
    <subfield code="0">(DE-588)130108731</subfield>
    <subfield code="0">(DE-627)49086385X</subfield>
    <subfield code="0">(DE-576)298001853</subfield>
    <subfield code="4">aut</subfield>
  </datafield>
  <datafield tag="810" ind1="2" ind2=" ">
    <subfield code="a">John F. Kennedy School of Government</subfield>
    <subfield code="t">Faculty research working paper series</subfield>
    <subfield code="v">RWP18, 024 (August 2018)</subfield>
    <subfield code="9">2018024</subfield>
    <subfield code="w">(DE-627)371913314</subfield>
    <subfield code="w">(DE-576)281233993</subfield>
    <subfield code="w">(DE-600)2123740-2</subfield>
  </datafield>
  <datafield tag="810" ind1="2" ind2=" ">
    <subfield code="a">National Bureau of Economic Research</subfield>
    <subfield code="t">Working papers</subfield>
    <subfield code="v">24939</subfield>
    <subfield code="9">2493900</subfield>
    <subfield code="w">(DE-627)306655969</subfield>
    <subfield code="w">(DE-576)090855825</subfield>
    <subfield code="w">(DE-600)1500086-2</subfield>
    <subfield code="x">1058-8450</subfield>
  </datafield>
  <datafield tag="856" ind1="4" ind2="0">
    <subfield code="u">https://research.hks.harvard.edu/publications/workingpapers/citation.aspx?PubId=13166&amp;type=WPN</subfield>
    <subfield code="x">Verlag</subfield>
    <subfield code="z">Kostenfrei</subfield>
    <subfield code="3">Volltext</subfield>
  </datafield>
  <datafield tag="856" ind1="4" ind2="0">
    <subfield code="u">https://www.hks.harvard.edu/publications/universal-basic-incomes-vs-targeted-transfers-anti-poverty-programs-developing</subfield>
    <subfield code="x">Verlag</subfield>
    <subfield code="z">Kostenfrei</subfield>
    <subfield code="3">Volltext</subfield>
  </datafield>
  <datafield tag="856" ind1="4" ind2="0">
    <subfield code="u">https://research.hks.harvard.edu/publications/getFile.aspx?Id=1690</subfield>
    <subfield code="x">Verlag</subfield>
    <subfield code="z">Kostenfrei</subfield>
    <subfield code="3">Volltext</subfield>
  </datafield>
  <datafield tag="856" ind1="4" ind2="0">
    <subfield code="u">http://www.nber.org/papers/w24939</subfield>
    <subfield code="x">Verlag</subfield>
    <subfield code="z">Lizenzpflichtig</subfield>
    <subfield code="3">Volltext</subfield>
  </datafield>
  <datafield tag="924" ind1="1" ind2=" ">
    <subfield code="a">1802227679</subfield>
    <subfield code="b">DE-206</subfield>
    <subfield code="9">206</subfield>
    <subfield code="c">GBV</subfield>
    <subfield code="d">d</subfield>
    <subfield code="g">Keine Speicherung</subfield>
    <subfield code="h">K:</subfield>
  </datafield>
  <datafield tag="951" ind1=" " ind2=" ">
    <subfield code="a">BO</subfield>
  </datafield>
</record>